2816 4602
649 298 1283 440 Cosmotheoria
1339 238 1748 400 Puerilis.
2093 264 2165 425 Ι9

260 495 535 558 terram
583 478 823 557 occuli
844 515 867 572 3
922 471 1124 584 quod
1187 473 1513 553 accidere
1574 503 1730 555 non
1793 475 2036 586 pofl'et,
2113 476 2163 560 fi

259 636 443 697 terra
483 614 714 695 isthac
750 618 827 696 in
865 613 1320 697 immensum
1379 637 1823 698 excurreret.
1971 618 2168 715 Imo,

264 755 464 866 quod
531 753 735 839 fort&
798 756 1113 852 mirerisy
1168 758 1569 835 coarctatur
1615 759 1694 836 δε
1732 758 2174 865 deprimitur

271 918 464 977 terrae
533 897 771 976 moles
839 896 1079 1005 magis
1129 893 1367 973 versus
1430 893 1561 976 has
1619 886 1881 1007 partes',
1938 898 2174 1011 quam

272 1037 345 1117 in
388 1037 670 1117 medic.

378 1168 501 1258 M.
571 1176 785 1259 Dicis
844 1177 1092 1260 minus
1153 1177 1627 1261 intumescere
1669 1197 1934 1262 terram
1981 1182 2175 1263 circa

273 1315 441 1397 istos
475 1318 703 1426 polos·

372 1459 471 1539 P.
530 1459 755 1539 Dice.

377 1600 499 1682 M.
554 1597 753 1677 Fieri
815 1595 1098 1701 potest3
1169 1601 1286 1678 sed
1361 1598 1519 1678 vim
1584 1593 1795 1702 hujus
1876 1594 2181 1675 secundi

278 1739 702 1847 argumenti
751 1761 1057 1817 mecum
1121 1734 1934 1848 expend0‚--Perinde
1979 1736 2182 1816 vide-

277 1899 400 1960 tur
442 1877 579 1958 effe
619 1905 707 1957 ac
753 1879 806 1957 fi
850 1877 1188 1983 praedic'ta
1228 1878 1570 1973 formica,
1629 1904 1782 1957 non
1831 1878 1875 1956 ὲ
1921 1878 2181 1960 dextra

278 2017 792 2116 finistrorsum‚
866 2016 984 2095 sed
1021 2021 1272 2099 medio
1330 2018 1516 2100 inter
1567 2039 1957 2124 utramque
2012 2045 2184 2127 par-

270 2178 438 2241 tem
508 2159 789 2255 itinere,
862 2157 1003 2239 five
1069 2157 1261 2241 recta
1314 2162 1650 2267 prorsum
1718 2176 2130 2265 proreperet
2155 2194 2184 2252 3

278 2328 462 2382 nam
510 2297 656 2379 hoc
698 2301 917 2406 pacto
960 2299 1133 2412 alias
1177 2319 1413 2408 partes
1456 2319 1627 2377 ante
1673 2298 1741 2376 se
1777 2294 2184 2404 deprehen-

231 2493 237 2500 ·
282 2409 739 2536 deretsalias
776 2437 939 2547 post
984 2440 1052 2519 se
1091 2439 1492 2520 occultatas
1523 2437 1975 2544 relinqueret,
2032 2465 2183 2517 non

287 2583 489 2661 secus
559 2607 786 2686 quam
854 2578 905 2657 fi
957 2569 1343 2659 transverso
1417 2579 1716 2659 tramite
1792 2578 2181 2661 incederet.

402 2722 502 2803 P.
565 2721 676 2801 Ita
734 2720 1069 2828 prorsum
1133 2720 1285 2802 est:
1341 2740 1561 2829 atque
1616 2719 1795 2799 hinc
1839 2718 1927 2798 fit
1978 2718 2188 2828 quod

291 2861 517 2957 stella,
589 2889 814 2969 quam
873 2860 1186 2968 polarem
1247 2879 1538 2958 vocant,
1609 2855 2025 2942 accedendo
2096 2859 2195 2938 ad

291 3002 857 3111 septentrionem
902 3003 1137 3108 magis
1171 3003 1529 3095 elevetur3
1583 2999 1987 3082 recedendo
2017 3022 2191 3077 ma-

295 3142 404 3250 gis
465 3140 934 3247 deprimatur.
1076 3142 1319 3221 Nobis
1375 3142 1582 3226 enim
1639 3137 2025 3224 Britannis
2086 3138 2198 3220 al-

297 3282 440 3362 tior
471 3280 578 3359 est
614 3279 846 3389 quam
886 3278 1116 3361 Gallis
1154 3300 1286 3360 aut
1328 3282 1556 3362 Italis.

408 3423 528 3501 M.
588 3422 978 3500 Nimirum
1050 3409 1106 3499 fi
1174 3423 1511 3532 progredi
1578 3422 1806 3529 usque
1872 3421 2196 3522 daretur,

305 3563 510 3669 supra
556 3563 898 3641 verticem
964 3562 1270 3642 tandem
1340 3563 1872 3672 conspiceretur
1901 3600 1930 3657 3
1987 3561 2036 3641 fi
2084 3588 2198 3641 re.

260 3700 532 3824 .'g¹‚‘⁶di›
603 3703 693 3781 ad
749 3724 949 3784 terrae
992 3701 1337 3806 confinia,
1376 3724 1505 3785 aut
1540 3704 1768 3785 etiam
1800 3700 1991 3784 infra
2017 3705 2200 3788 sub-

302 3842 586 3927 fideret.
720 3861 723 3864 ’
1009 3846 1019 3852 ’

416 3982 516 4070 Ρ.
593 3978 965 4103 omnino.
1865 3982 2013 4107 §713
2080 3980 2204 4104 Eat
