2816 4602
544 336 589 400 ι
608 303 738 423 96
944 291 1580 428 Cqsmotheoria
1605 280 2049 393 Pueriliss

642 473 740 556 Ρ.
819 474 1199 569 Praeterea,
1303 469 1438 553 hic
1525 469 2140 552 confiderandum
2228 468 2464 569 venit,

410 678 413 685 -
526 612 847 713 Matho,
922 611 1233 695 Numini
1309 610 1579 691 licuiffe
1645 613 1910 721 plura,
1993 605 2502 721 paucioresve·

539 754 891 850 mundOS,
958 780 1093 863 pro
1134 751 1372 832 lubitu
1414 753 1814 833 condidiffe
1838 789 1861 847 3
1929 751 2284 833 conditos
2323 777 2490 830 au·-

540 914 698 975 tem
739 892 944 990 nulli,
1014 916 1142 974 aut
1178 919 1445 1002 parum
1493 879 1730 1003 digno
1775 894 1936 974 ufui
1971 891 2359 989 addixisse,
2417 885 2496 968 -ὲ
2543 884 2552 889 ’

539 1008 781 1115 divina
832 1032 1169 1142 sapientia
1219 1030 1323 1111 est
1360 1034 1678 1113 omnino
1708 1035 2062 1113 alienum.

643 1176 762 1256 M.
820 1171 1084 1253 inscite
1144 1201 1318 1282 ergo
1363 1174 1776 1253 admodum
1825 1172 2094 1253 mundi
2136 1171 2333 1253 fines
2392 1169 2497 1251 in

542 1298 998 1395 immensum
1075 1314 1547 1423 prolatamuS,
1620 1332 1707 1395 ut
1781 1313 2054 1394 exinde
2129 1316 2503 1422 mcy‘orem

544 1453 902 1535 faciamus
949 1450 1421 1566 solitudinem.
2521 1556 2528 1559 ι

665 1597 760 1676 Ρ.
822 1596 925 1675 Et
972 1594 1104 1677 hic
1153 1596 1425 1676 mirum
1475 1595 1657 1703 quid
1707 1593 1774 1675 se
1829 1594 2041 1675 nobis
2077 1591 2498 1685 observatu--v

548 1737 741 1817 dum
804 1734 1056 1816 offiert:
1120 1735 1502 1815 nam'solis
1539 1735 1654 1816 his
1691 1734 2255 1844 omnipotentiae
2288 1758 2494 1844 ope-

553 1877 751 1957 ribus
805 1876 1195 1982 acquiescit
1244 1876 1562 1971 animus,
1632 1903 1968 1985 quorum·
2009 1872 2491 1984 magnitudi-

551 2039 729 2096 nem
784 2039 916 2092 nec
972 2016 1193 2123 capit,
1272 2043 1408 2094 nec
1460 2042 1713 2123 capere
1774 2015 2011 2126 potest
2040 2053 2065 2110 3
2141 2017 2220 2096 δε
2271 2014 2492 2095 idem

555 2156 649 2237 de
719 2183 1025 2254 numero,
1102 2159 1179 2236 δε
1242 2173 1518 2263 operum
1585 2155 1972 2236 subtilitate
2038 2155 2492 2235 dicendum.
2624 2237 2634 2243 ,

559 2296 962 2400 Quamdiu
1006 2298 1209 2378 enim
1254 2326 1465 2376 mens
1501 2297 1773 2406 aliquid
1807 2294 2124 2406 amplius
2159 2295 2489 2404 excogi-

562 2458 714 2518 tare
752 2437 966 2533 valet,
1031 2441 1313 2519 tamdiu
1359 2436 1980 2547 omnipotentiam
2018 2409 2495 2520 circumscri-

560 2579 712 2671 bit2,
792 2579 995 2683 quod
1059 2607 1232 2657 cum
1293 2581 1537 2656 secum
1605 2605 1933 2687 pugnare
1998 2577 2087 2658 fit
2156 2579 2482 2676 conscia,

562 2714 803 2797 nullos
839 2715 1109 2795 limites
1161 2719 1621 2822 agnoscendo
1674 2716 1975 2799 tantum
2030 2720 2486 2828 acquiescere

565 2855 829 2969 potest.
943 2858 1040 2936 Et
1088 2855 1228 2937 haic
1275 2853 1638 2965 praecipue
1679 2858 1958 2953 notase
1997 2859 2216 2939 nobis
2247 2890 2484 2971 agno-

570 2998 914 3079 scendam
988 3002 1257 3110 praebet
1332 3001 1411 3078 δε
1502 2979 2028 3106 suspiciendam
2109 2989 2516 3083 Numinis‘

568 3141 921 3248 potentia.

683 3277 799 3359 M
861 3280 1071 3359 Hinc
1117 3306 1317 3387 ergo,
1375 3279 1583 3387 quale
1654 3275 2177 3391 quantumque
2236 3310 2481 3365 rerum

497 3433 507 3446 ⁸
575 3419 935 3520 theatrum
976 3416 1234 3510 animo
1279 3418 1770 3528 contemplari
1806 3420 2012 3501 licet!

691 3564 789 3642 P.
848 3556 1196 3642 Multum
1275 3561 1442 3637 sane
1501 3558 1905 3668 discrepans
1974 3561 2066 3639 ab
2130 3558 2275 3658 illo,
2358 3561 2491 3644 ubi

577 3701 858 3780 coeium
896 3720 1196 3807 terram,
1232 3698 1433 3811 quafi
1469 3720 1821 3810 putamen
1860 3702 2201 3799 nucleum,
2225 3681 2489 3785 :inciu-

579 3839 822 3925 debat.
2291 3897 2296 3902 .

2041 3982 2160 4064 Μ.
2216 3980 2493 4096 Cunila
