2816 4602
569 295 630 386 9
646 291 697 359 z
973 254 1596 391 Ccffmotbwria
1646 260 2068 361 Puerilis.

673 440 772 520 P.
829 437 955 518 De
999 439 1218 548 ipsius
1266 458 1550 519 naturae
1589 462 1794 546 penu
1848 437 2068 545 hanc·
2104 441 2469 524 rationem

560 578 967 689 adduxisti,
1027 575 1325 661 Matho,
2337 582 2342 585 ’

674 724 795 803 Μ.
851 722 948 802 Et
983 745 1187 799 nunc
1221 718 1532 827 quidem
1570 704 1883 802 insanire
1932 722 2220 831 prorsus
2282 721 2480 806 mihi

564 863 924 960 videntur,
996 859 1127 972 qui
1148 859 1360 940 'circa
1422 871 1694 942 terram
1757 862 2004 944 Solem
2071 863 2481 975 circumagi

571 1004 851 1084 volunt.

670 1145 769 1224 P.
827 1143 940 1221 Ut
976 1158 1226 1222 tamen
1261 1142 1844 1250 progrediamur,

680 1423 1112 1505 XXXVII.
1169 1422 1293 1503 Ex
1329 1422 1607 1504 duabus
1641 1422 1946 1519 viribuS,
2017 1424 2287 1533 quibus
2319 1424 2489 1533 pla·

570 1581 762 1645 netae
810 1563 889 1642 in
928 1564 1176 1645 orbitis
1230 1584 1610 1671 reguntur,
1669 1566 1990 1673 primam
2036 1566 2193 1676 jam
2233 1563 2487 1650 habes.

684 1707 801 1785 M.
859 1706 994 1782 Sed
1031 1705 1288 1810 ignoti}
1325 1703 1566 1786 causa.

685 1845 781 1925 P.
841 1843 1142 1951 Aliquid
1178 1842 1284 1922 est
1319 1843 1553 1951 ipsam
1587 1843 1773 1939 vim,
1803 1845 2035 1951 qualis
2071 1845 2186 1944 fit,
2237 1844 2485 1929 ndffe:

574 1982 950 2089 utriusque
992 1984 1212 2063 causa
1258 1985 1791 2090 progrediendo
1841 1986 1914 2066 se
1985 1986 2121 2067 tibi
2167 1988 2434 2094 aperiet
2459 2015 2488 2067 ε

578 2119 841 2205 verbm
908 2142 995 2203 ut
1061 2122 1357 2204 alterius
1421 2122 1886 2231 (excursoriae
1940 2126 2247 2232 nempe)
2315 2129 2490 2208 usus

579 2261 1062 2349 hinc-melihs
1106 2264 1539 2364 innotescat,
1598 2265 1722 2345 dic
1759 2263 2002 2361 mihi;
2072 2267 2145 2347 Si
2171 2266 2374 2348 nulla
2411 2268 2490 2350 in

578 2408 974 2516 systemate
1019 2407 1422 2516 planetario
1457 2407 1586 2501 νίε,
1618 2426 1874 2516 praeter
1918 2407 2121 2490 illam
2160 2408 2489 2498 attraffi-

582 2574 785 2653 vam,
860 2549 1153 2653 vigeret,
1226 2550 1410 2654 quid
1459 2550 1632 2628 inde
1669 2548 1933 2629 fieret?

686 2688 804 2765 M.
864 2689 1149 2765 Omnes
1182 2686 1377 2765 certe
1415 2689 1733 2792 planetas
1763 2690 1879 2767 Sol
1916 2689 2010 2767 ad
2047 2691 2121 2767 se
2151 2686 2488 2769 attrahe-

579 2844 712 2926 ret,
771 2824 899 2936 qui
966 2824 1068 2904 illi
1114 2828 1189 2904 in
1237 2826 1652 2940 posterum,
1712 2825 1862 2903 fine
1928 2827 2082 2905 ullo
2142 2829 2494 2908 ulteriore

583 2971 695 3052 vel
744 2987 957 3048 motu
1007 2968 1118 3048 vel
1169 2968 1451 3065 ordine,
1525 2966 2003 3048 adhaererent.

695 3114 793 3191 P.
852 3110 1047 3212 Quae
1095 3136 1202 3188 res
1238 3108 1543 3206 Matho,
1618 3109 1995 3207 omnium,
2025 3106 2235 3191 -chm
2295 3139 2498 3219 vege-

591 3251 933 3345 tantium,
1014 3269 1179 3330 tum
1242 3253 1674 3349 viventium,
1748 3252 1828 3334 in
1896 3251 2044 3332 hoc
2111 3251 2499 3358 systemate

588 3418 793 3476 mors
860 3391 939 3471 &t
998 3392 1313 3471 exitium
1391 3392 1604 3490 eflet3
1688 3391 1873 3472 terr&
1950 3416 2122 3472 cum
2199 3390 2498 3500 reliquis

556 3613 557 3618 ,
588 3532 889 3642 planetis
929 3533 1001 3614 in
1034 3531 1196 3612 Sole
1231 3531 1325 3610 ad
1364 3533 1768 3611 candorem
1804 3530 2048 3638 usque,
2092 3530 2204 3611 vel
2246 3530 2498 3640 potifis

433 3771 438 3776 μ
585 3674 680 3750 ad
726 3673 1089 3758 fufionem
1133 3693 1269 3755 aut
1302 3671 1871 3781 diffipationem,
1938 3670 2351 3761 fervefaeffi.

698 3811 817 3892 M.
875 3812 1366 3900 Horrendum
1399 3813 1765 3941 exitium!-

2129 3954 2227 4039 P.
2282 3953 2493 4036 Tam
