2816 4602
757 279 1391 419 Cqsmotheoria
1418 284 1841 383 Puerilis.
2028 300 2035 319 ‘
2064 325 2107 386 1
2130 292 2255 418 89

328 454 729 539 circumire
767 456 1089 564 potuerit
1154 474 1411 537 totum
1468 448 1710 553 illud,·
1750 459 1953 567 quod
2009 461 2088 544 in
2134 490 2254 545 re·-

330 626 520 680 rum
555 595 1051 710 immensitate
1092 598 1391 680 ratione·
1392 594 1780 709 sacratur.

435 848 798 960 'LXVIL
858 881 953 960 P.
1015 879 1232 960 oum
1267 878 1559 961 dicebas
1592 898 1705 978 tu,
1757 878 1809 960 fi
1848 879 1986 981 Sol,
2037 882 2266 991 usque

337 1020 815 1130 &spectatore
852 1022 1241 1116 recederet,
1292 1021 1668 1102 minorem
1706 1023 1992 1133 semper
2022 1023 2266 1106 visum

340 1164 453 1261 iri,
527 1162 768 1242 donec
822 1164 1127 1244 tandem
1162 1160 1487 1243 adinstar
1517 1163 1803 1271 majoris
1839 1142 2085 1272 stellae,
2137 1183 2268 1248 aut

338 1306 569 1386 etiam
620 1303 936 1401 minoris,
1006 1306 1400 1413 appareret.

450 1448 572 1526 M.
635 1447 737 1524 Et
800 1446 895 1523 ad
945 1444 1418 1551 postremum
1465 1440 1621 1522 fore
1668 1463 1753 1524 ut
1804 1444 2127 1525 omnino
2155 1445 2270 1524 vi-

339 1588 492 1668 deri
551 1585 925 1680 deflueret,
979 1584 1153 1690 quia
1204 1611 1297 1662 ex
1342 1586 1555 1663 aucta
1591 1585 1878 1695 semper
1919 1581 2271 1666 distantia
2313 1691 2317 1694 Α

341 1727 694 1810 maxima
740 1751 1045 1833 corpora
1110 1726 1418 1804 tandem
1485 1723 1890 1835 aliquando
1931 1726 2274 1837 conspec-

341 1890 508 1958 tum
578 1866 907 1946 fallunt:
996 1894 1132 1946 nec
1204 1867 1438 1947 ullam
1511 1868 1905 1966 rationem,
1959 1887 2269 1976 ,praeter

342 2010 712 2090 distantiae
770 2008 1394 2116 magnitudinem,
1481 2011 1902 2118 excogitare
1950 2010 2269 2116 pofl'um,

347 2180 481 2233 cur
549 2151 808 2230 multae
891 2148 1112 2229 stellae
1191 2151 1483 2228 nudum
1563 2151 1875 2228 oculum
1954 2147 2269 2254 fugiant,

351 2322 514 2403 quae
577 2319 705 2400 per
753 2289 1245 2396 ·telescopium
1323 2289 1516 2368 fiunt
1564 2288 2020 2399 conspicuae:
2104 2289 2277 2370 Nec

346 2436 689 2538 videntur
727 2431 840 2511 hae
872 2430 1009 2508 effe
1047 2430 1397 2509 omnium
1435 2430 1748 2518 ultimae.
1955 2527 1960 2531 .

460 2577 556 2655 P.
620 2572 1052 2668 Praesertim,
1127 2568 1310 2652 cnm
1350 2598 1503 2680 quo
1551 2570 1873 2652 melioris
1915 2591 2113 2655 notae
2147 2572 2273 2655 fu-

350 2714 486 2795 erit
523 2713 1027 2822 telescopium‚
1031 2693 1035 2697 ’
1092 2714 1236 2794 hoc
1284 2713 1520 2822 plures
1558 2714 2109 2824 conspiciendas
2148 2714 2276 2796 of-

315 2858 559 2965 ferat.
1062 2857 1065 2860 ’

433 3000 583 3079 M
641 2994 862 3076 Certe
899 2997 1122 3104 igitur
1158 2977 1344 3076 locus
1377 2993 1490 3096 est,
1548 2994 1751 3070 unde
1797 2993 1946 3102 ipse
1979 2993 2099 3076 Sol
2125 3022 2277 3077 non

349 3137 923 3250 conspiceretur.

418 3282 565 3361 Ρ.
600 3279 790 3386 Vel,
846 3276 974 3357 ubi
1021 3301 1284 3381 corpus
1329 3272 1479 3353 Soli
1543 3277 1841 3384 aequale,
1903 3277 2282 3384 inconspi-
2377 3320 2384 3326 ·

350 3445 584 3501 cuum
635 3416 849 3498 nobis
885 3417 1111 3500 fieret.
2036 3458 2062 3462 -f

469 3559 587 3640 M.
651 3561 799 3639 Res
845 3581 1154 3665 utraque
1192 3553 1450 3634 eadem
1492 3550 1625 3633 est.

470 3702 570 3785 P.
630 3701 805 3812 Jam
854 3722 1098 3780 autem
1137 3698 1477 3804 fixarum
1513 3692 1858 3777 distantia
1903 3713 2108 3781 tanta
2141 3692 2283 3796 est,

2195 3852 2283 3917 ut
