2816 4602
552 360 594 421 1
621 357 669 422 2
684 359 748 445 4
953 320 1580 453 Cqsmotheoria
1621 326 2046 433 Puerilis.

528 524 700 592 me3
772 496 1004 578 etiam
1045 499 1121 577 in
1158 501 1313 608 ipso
1361 499 1508 581 hoc
1543 503 2000 610 corpuscuIO,
2059 501 2332 583 Divina
2361 531 2455 583 e-

518 639 643 745 jus
686 642 1012 747 potentia
1062 641 1422 748 perpetu&
1472 664 1833 752 operetur.

642 782 744 861 P.
802 781 928 861 An
962 780 1130 862 verb
1170 782 1503 862 dubitare
1548 785 1716 893 quis
1764 781 2001 893 potest
2039 814 2204 865 num
2253 788 2479 867 Deu's'

505 924 643 1030 fit,
703 920 880 1028 quia
918 922 1150 1001 oculis
1185 923 1399 1003 illum
1443 953 1592 1006 non
1629 929 1934 1006 cernat?

643 1063 761 1141 M.
823 1063 1115 1143 Inscitia
1153 1063 1323 1143 effet
1370 1062 1530 1146 haec
1579 1094 1801 1163 mera,
1864 1064 1920 1144 fi
1964 1092 2119 1145 non
2160 1068 2475 1145 summa

532 1203 954 1310 perversitas
984 1231 1021 1295 3·
1098 1231 1342 1312 quum
1429 1206 1526 1284 ob
1591 1208 1662 1287 id
1732 1205 1982 1314 ipsum
2056 1199 2465 1301 dubitaret,
2533 1276 2542 1281 -
2658 1270 2673 1287 .

534 1339 740 1449 qubd
815 1343 1015 1423 nulla
1085 1346 1480 1427 dubitandi
1559 1350 1728 1427 ansa
1810 1347 1982 1426 data
2055 1347 2121 1424 ei
2194 1342 2464 1427 fuiffet.

537 1484 755 1565 Nam
814 1486 868 1564 fi
905 1490 1117 1567 Deus
1186 1489 1418 1567 oculis
1477 1491 1678 1567 cerni
1725 1487 1971 1595 poffet,
2029 1487 2157 1595 qui
2192 1496 2480 1593 corpo-³

542 1652 715 1705 rum
755 1628 931 1706 visui
968 1628 1444 1727 destinantur,
1494 1629 1773 1739 aliquid
1801 1655 1894 1709 ex
1932 1628 2231 1708 materia
2267 1627 2463 1725 esset,

541 1792 682 1844 nec
725 1766 974 1874 itaque
1014 1768 1246 1849 Deus·

654 1907 751 1988 P.
816 1911 1189 2004 Praeterea,
1265 1907 1573 2003 Matho,
1661 1934 1810 1986 non
1893 1905 2001 1985 est
2065 1908 2267 2015 qubd
2335 1905 2467 1989 hic

540 2043 889 2126 homines
920 2068 1339 2155 querantur,
1382 2050 1516 2127 aut
1551 2049 1983 2128 causentur:
2054 2079 2234 2128 nam
2273 2050 2465 2127 dum

546 2188 958 2297 quidquam
1004 2217 1265 2269 eorum
1327 2217 1496 2296 quae
1564 2189 1794 2267 oculis
1853 2209 2255 2268 cernuntur
2300 2190 2472 2296 quis

548 2333 930 2441 conspicit,
983 2333 1160 2413 illud
1213 2333 1457 2443 ipsum
1495 2331 1718 2429 videt,
1790 2332 2017 2440 quod,
2093 2331 2223 2410 nifi
2260 2323 2476 2409 Deus²

548 2471 683 2550 effe
649 2494 742 2570 t,
803 2502 1098 2553 cernere
1153 2504 1306 2555 non
1363 2473 1613 2584 poffet.
1728 2472 1940 2552 Adeb
1980 2472 2167 2552 nihil
2225 2467 2467 2551 rerum

549 2610 680 2707 est,
741 2577 942 2718 quod
994 2615 1358 2692 Numinis
1417 2613 1785 2746 praesentis
1832 2617 2250 2719 potentiam
2312 2640 2468 2693 non

553 2753 941 2833 monstret.
1057 2755 1243 2833 Non
1306 2754 1511 2830 enim
1549 2757 1862 2860 sttmmae
1905 2783 2146 2833 rerum
2211 2753 2472 2860 praeest

551 2891 856 2974 tantum
930 2904 1047 3003 (ut
1118 2893 1431 3000 quidam
1499 2893 1965 3001 opinantur,)
2050 2892 2471 3000 caeterisque

553 3037 817 3115 vicari-3
882 3033 1097 3142 opera
1155 3020 1629 3140 defungitur:
1704 3035 1822 3113 sed
1876 3063 1981 3114 res
2049 3037 2122 3113 in
2176 3038 2470 3113 mundo

555 3177 871 3281 fingulas
905 3179 981 3256 &
1022 3176 1544 3256 minutiffimas
1583 3177 1892 3284 praesens
1930 3181 2211 3285 semper
2247 3177 2470 3285 respi-

555 3317 687 3413 cit,
743 3319 1047 3396 confilio
1088 3319 1365 3424 dirigit,
1444 3319 1773 3426 potentia
1841 3317 2190 3398 sustentat
2234 3319 2310 3396 &
2350 3338 2470 3395 tu·

558 3463 741 3541 etur.
854 3458 1206 3538 Inscitum
1248 3462 1527 3569 quippe
1593 3458 1784 3556 effet,
1849 3460 1997 3539 Dei
2060 3460 2470 3568 potentiam

559 3599 933 3699 accersere,
1028 3616 1114 3679 ut
1199 3600 1527 3678 materiae
1605 3599 2040 3680 soliditatem
2115 3601 2471 3710 perpetui>

556 3742 953 3845 compingat
976 3781 1000 3836 3
1075 3743 1153 3823 &
1210 3741 1527 3820 eandem
1569 3741 1841 3821 iterum
1882 3741 2171 3827 miffam
2212 3741 2486 3838 facere,

555 3906 653 3963 ne
688 3882 1009 3962 materiae
1048 3882 1391 3965 inertiam
1441 3901 1670 3992 regat.

2176 4023 2478 4109 XLIX.
