2816 4602
645 344 699 437 3
719 342 767 406 2
823 416 828 422 ‚
1045 295 1676 437 Cqsmotbeoria
1693 306 2125 406 Puerilis.

634 508 867 589 quam
927 484 1169 562 Lunae
1215 506 1769 587 nonnunquam
1821 479 2353 561 transeundum
2402 480 2551 566 est.

631 631 888 731 Atque
922 623 1036 701 vel
1089 619 1265 699 hinc
1312 616 1747 700 validiffime
1794 621 2267 701 concluditur
2330 640 2541 703 terrae

632 759 951 870 figuram
1019 760 1156 841 effe
1225 760 1701 867 sphaericam:
1759 757 1944 842 cum
2008 766 2212 840 enim
2264 764 2550 842 umbra

630 928 861 1010 quam
915 903 1092 981 luna
1150 901 1480 998 incurrit,
1547 929 1748 983 nunc
1812 901 1907 981 ab
1967 899 2131 999 hac,
2192 930 2397 984 nunc
2442 906 2549 984 ab

632 1042 753 1122 illa
808 1040 1072 1121 telluris
1116 1061 1318 1149 parte
1366 1043 1768 1150 proveniat,
1830 1042 1908 1121 δε
1971 1041 2250 1151 semper
2305 1045 2550 1124 circu·

635 1182 801 1291 laris
837 1182 949 1271 fit,
1007 1200 1296 1263 certum
1336 1181 1441 1262 est
1484 1184 1819 1264 tellurem
1871 1182 2104 1290 ipsam
2142 1182 2279 1264 effe
2314 1182 2550 1264 undi-

632 1297 781 1432 que
820 1322 1246 1406 rotundam.
1382 1324 1456 1404 Si
1513 1325 1719 1404 enim
1766 1325 1844 1404 in
1898 1323 2113 1404 omni
2183 1324 2549 1432 pofitione

543 1562 547 1567 ι
633 1461 982 1572 corporis„
1037 1464 1302 1544 umbra
1340 1465 1564 1570 plano
1614 1463 1948 1575 oppofito
1988 1484 2319 1572 excepta,
2394 1466 2540 1547 cir-

634 1605 789 1686 culi
837 1601 1167 1686 formam
1214 1605 1497 1704 induat,
1567 1607 1749 1688 inud
1788 1632 2060 1713 corpus
2103 1602 2544 1713 sphaericum

632 1744 774 1831 effe
806 1745 1081 1827 neceffe
1112 1743 1257 1826 est.‘

746 1886 868 1966 Μ.
942 1885 1128 1962 Vim
1181 1882 1402 1991 hujus
1438 1883 1855 1990 argumenti
1891 1883 2131 1973 videor
2185 1881 2379 1963 mihi
2426 1885 2543 1964 as-

566 2077 575 2085 *
636 2023 889 2137 sequi·
951 2024 1005 2102 fi
1049 2024 1255 2103 enim
1297 2022 1471 2133 pilae
1517 2024 1595 2103 δε
1640 2023 1823 2104 orbis
1863 2025 2006 2107 five
2045 2025 2224 2105 disci
2259 2025 2547 2107 umbrae

634 2166 715 2251 in
743 2166 1099 2276 parietem
1135 2165 1427 2261 cadant,
1487 2166 1649 2271 pilae
1679 2165 1988 2270 quidem
2041 2166 2307 2259 umbra
2346 2165 2542 2245 sem-

637 2335 764 2418 per
795 2307 901 2388 est
950 2306 1487 2399 circulari83s1
1516 2306 1683 2388 vero
1726 2325 2029 2397 tenuem
2073 2308 2266 2386 orbis
2303 2308 2540 2389 aciem

632 2448 791 2536 luci
823 2421 1176 2545 obiret-tas,
1240 2451 1395 2557 ejus
1444 2450 1711 2529 umbra
1758 2447 1845 2527 fit
1903 2451 2091 2529 recta
2137 2447 2349 2527 linea.

748 2589 849 2671 P.
904 2591 1093 2667 Satis
1141 2586 1544 2694 affitqueriS.
1684 2590 1889 2693 Jam‚
1951 2589 2185 2695 pofito
2237 2590 2536 2683 Lunam

638 2746 777 2822 aut
810 2728 1055 2807 Solem
1090 2725 1257 2835 effe,
1307 2727 1535 2808 instar
1570 2748 1803 2840 terr‘aeq
1835 2731 2162 2833 ingentes
2207 2726 2537 2835 sphaeraS,

643 2870 726 2951 δε
766 2867 859 2949 ad
894 2895 1250 2977 magnam
1280 2867 1504 2948 locari
1540 2868 1998 2966 distantiam,
2058 2869 2361 2977 qualem
2406 2866 2543 2949 ha-

640 3011 919 3096 bituros
950 3007 994 3089 ὲ
1028 3032 1216 3090 terra
1263 3010 1449 3089 visos
1498 3011 1816 3118 figuram
1862 3008 2299 3090 existimas?

746 3153 864 3233 M.
919 3152 1452 3233 orbicularem.
1552 3208 1556 3211 >

751 3292 852 3373 P.
927 3293 1030 3372 Et
1063 3289 1245 3373 cum
1287 3319 1525 3373 revera
1573 3287 1787 3371 hanc·
1815 3287 2133 3370 habeant
2178 3288 2353 3369 hinc
2390 3288 2538 3385 visi,

639 3433 846 3542 cujus
881 3431 1138 3540 figurae
1174 3432 1323 3538 ipsa
1359 3460 1659 3537 corpora
1720 3432 2026 3522 dicenda
2072 3431 2292 3514 sunt?

624 3625 641 3668 ;
749 3576 874 3660 M.
940 3571 1349 3683 Spoehricae,
1402 3573 1693 3681 opinor.

752 3707 851 3797 P.
906 3717 1095 3804 Hoc
1134 3734 1348 3806 ⁵tuum
1382 3714 1759 3823 judicium
1807 3711 1987 3792 hinc
2019 3709 2535 3803 consumatus,

634 3853 851 3971 quod
911 3851 1098 3939 cum
1160 3858 1506 3967 quaedam
1563 3847 1862 3963 'caelestia
1926 3867 2245 3962 corpora,
2316 3829 2540 3928 revolss

2307 3988 2544 4070 vendo
