2816 4602
712 300 1344 440 Cqsmotheoria
1380 304 1803 404 Puerilis.
2027 345 2070 406 1
2094 340 2141 405 2
2160 343 2212 438 5

364 616 716 701 XLIX.
773 623 894 702 M.
952 619 1085 700 Est
1129 638 1379 701 tamen
1419 618 1551 702 hic
1580 619 1970 732 quiddam,
2018 626 2221 733 quod

234 788 353 841 ex
393 780 478 843 te
518 762 748 842 valde
797 765 969 842 scire
1004 762 1248 841 velim.

366 905 479 985 P.
550 903 973 1015 Qidnam
1015 903 1195 983 illud
1231 906 1259 983 ?

369 1046 507 1125 Μ.
582 1044 954 1124 Potuitne
1004 1032 1657 1153 Deus'potentiam
1714 1045 2044 1128 materiae
2087 1046 2227 1129 ali-

250 1213 508 1295 quam
551 1185 929 1265 indulfiffe
965 1190 993 1270 ἓ
1853 1272 1858 1277 ,

382 1328 493 1410 Ρ.
564 1328 944 1424 Arduam,
1020 1325 1140 1405 sed
1176 1352 1312 1403 nec
1349 1324 1693 1406 inutilem
1734 1329 2227 1434 quaestionem

261 1495 579 1549 moves».
729 1468 1075 1568 Quidam
1113 1466 1351 1574 enim,
1429 1466 1619 1544 dum
1649 1466 1866 1546 caute
1901 1470 1991 1547 de
2027 1471 2244 1569 Dec„

267 1611 353 1690 δε
386 1609 975 1713 omnipotentia
999 1605 1278 1684 Divina
1300 1606 1764 1712 loquendum
1801 1606 2227 1715 praedicant,

271 1779 375 1831 ne
420 1778 604 1829 non
645 1747 811 1826 satis
858 1747 963 1856 pii
1015 1746 1242 1826 fimus
1304 1746 1709 1855 quicquam
1751 1748 1818 1826 ei
1855 1751 2257 1858 negand0„

272 1891 504 1972 nulla
551 1917 703 1980 non
744 1889 1049 1973 absurda
1095 1887 1203 1965 illi
1234 1887 1623 1995 affingunt,
1684 1906 1771 1970 ut
1809 1890 2059 1972 inania
2106 1893 2231 1974 sua

270 2033 383 2111 de
434 2030 866 2117 hominum
931 2029 1201 2109 animis
1270 2030 1661 2138 figmenta,
1736 2058 1899 2140 quae
1949 2033 2230 2116 ratione

279 2201 446 2254 non
496 2171 825 2280 poffunt,
877 2173 1112 2281 specie
1157 2170 1407 2250 saltem
1459 2171 1751 2276 pietatis
1785 2171 2231 2256 suffislciant.

286 2316 639 2394 Breviter
671 2335 925 2393 autem
964 2314 1065 2392 fic
1098 2314 1366 2417 accipe.
1459 2312 1845 2419 Qicquid
1879 2339 2060 2392 verae
2095 2341 2234 2421 ρο-Δ

288 2456 565 2535 tentiae
625 2454 1013 2560 competit,
1085 2451 1325 2559 potest
1378 2449 1578 2532 certe
1634 2452 1844 2533 Deus
1904 2453 2231 2540 efficere:

291 2598 350 2674 fi
400 2592 585 2674 verb
632 2594 937 2702 cujusvis
974 2592 1074 2672 rei
1113 2590 1400 2672 effeffio
1447 2592 1580 2673 fibi
1617 2615 1982 2702 repugnat
2019 2597 2126 2704 (v.
2156 2627 2231 2707 g.

292 2738 597 2836 efficere
632 2750 717 2812 ut
759 2734 1068 2844 quidstt,
1124 2732 1289 2814 dum
1329 2762 1464 2814 non
1493 2732 1644 2841 fsto)
1709 2738 1893 2817 illud
1931 2766 2085 2820 non
2140 2743 2236 2822 ad

302 2878 733 2985 potentiam
770 2878 999 2958 ullam
1043 2876 1377 2984 pertinet,
1456 2875 1572 2978 sed
1609 2877 1913 2956 absurda
1967 2879 2075 2956 est
2123 2909 2237 2960 re·

307 3048 490 3100 rum
540 3018 986 3124 compufitio
1035 3017 1112 3095 in
1163 3015 1415 3094 nostro
1478 3017 1882 3112 intellectu,
1945 3019 2056 3098 vel
2091 3046 2239 3126 po-

312 3158 468 3241 tius
505 3157 909 3238 verborum
944 3159 1018 3236 in
1059 3159 1441 3248 sermone,
1421 3193 1437 3207 ·
1500 3183 1680 3234 nam
1726 3158 1894 3237 talia
1932 3160 2240 3273 intelligi

315 3318 724 3428 nequeunt.

428 3447 546 3524 M.
614 3439 848 3521 Valde
895 3435 1088 3517 mihi
1125 3437 1388 3517 arridet
1429 3434 1595 3518 san&
1641 3437 1801 3523 haec
1849 3463 2008 3525 tua
2041 3443 2242 3524 solu-.-

319 3582 496 3663 tio.
555 3582 729 3682 illud
773 3582 978 3660 enim
1018 3601 1259 3688 petere
1315 3578 1449 3677 est,
1509 3584 1863 3684 neDeus
1909 3583 2118 3664 illud
2127 3582 2243 3668 fa·-

321 3721 501 3819 ciat,
560 3723 765 3829 quod
804 3721 1030 3813 facit3
1105 3722 1216 3800 vel
1253 3742 1337 3800 ut
1373 3720 1578 3815 illud,
1645 3721 1848 3829 quod
1884 3723 2072 3807 nihil
2105 3730 2244 3830 est,

328 3863 548 3946 faciat
572 3902 598 3960 3
659 3888 819 3946 rem
865 3863 1269 3949 infantium
1311 3860 1599 3970 ineptiis
1648 3861 2136 3951 fimillimam.

1958 4009 2057 4086 P.
2096 4006 2248 4085 Ea-
