2816 4602
542 372 549 377 -
668 293 1303 429 Cosmotbeort‘a
1347 294 1775 394 Puer-ilis.
1915 342 1920 349 ’
1997 331 2046 395 1
2064 332 2120 429 ς
2132 330 2204 428 ς

234 466 405 559 liris
451 469 704 551 multo
771 468 886 579 fir,
959 468 1139 577 quia
1182 468 1533 549 distantia
1587 473 1741 575 ejus
1798 468 1845 552 ὲ
1902 474 2256 577 tellures

236 614 514 713 maior
567 609 804 722 quam
877 609 1152 691 telluris
1195 609 1242 691 ὲ
1281 613 1575 693 Venere
1634 612 1770 710 est,
1846 612 2048 722 (quae
2103 622 2196 704 εξ

231 756 420 872 ipsa
450 753 818 842 comitem
864 748 1134 869 habere
1172 754 1553 854 ⁴creditum
1620 753 1983 866 quodque
2023 760 2199 839 exi..

238 896 403 1004 gui
456 892 769 1004 planetae
821 892 1306 995 secundarius,
1365 893 1673 1014 propifis
1714 894 1764 977 a
1829 897 2202 1009 primario

240 1039 407 1127 suo
445 1035 808 1118 revolvere
851 1035 1142 1118 debeat.

378 1310 672 1399 LVIII.
728 1320 851 1398 M.
906 1318 1134 1400 Nova
1182 1316 1405 1426 igitur
1439 1314 1591 1396 haec
1627 1338 1917 1428 corpora
1961 1320 2045 1401 ln
2086 1323 2201 1435 sy.

250 1457 583 1541 stemate
636 1458 1040 1570 planetario
1081 1456 1330 1540 ernnt'.

385 1600 486 1681 P.
546 1599 766 1688 Certe
834 1601 1038 1707 (licet
1096 1598 1394 1681 mundo
1434 1596 1840 1706 coaetanea)
1880 1598 2094 1681 nobis
2118 1629 2206 1683 o-

256 1762 459 1825 runt
511 1766 758 1835 nov23
811 1739 1468 1850 quemadmodum
1515 1734 1806 1821 fuerant
1848 1739 2062 1850 Jovis
2113 1744 2205 1826 δε

254 1880 572 1965 Saturni
613 1883 880 1981 Lunae,
939 1911 1107 1991 quae
1150 1883 1249 1962 ab
1292 1879 1462 1989 ipfis
1495 1909 1736 1962 rerum
1789 1883 2205 1969 incunabu-

259 2027 365 2107 lis
430 2051 567 2104 nos
613 2023 978 2103 terricolas
1040 2026 1437 2120 latuerunt,
1510 2020 2030 2134 latuifl‘e'ntque
2061 1996 2201 2109 ad·-

265 2167 459 2264 huc,
514 2164 652 2245 nifi
696 2165 1262 2275 telescopiorum
1306 2193 1472 2272 ope,
1533 2192 1688 2244 non
1739 2166 1842 2245 ita
1880 2167 2200 2272 pridem,

266 2307 579 2394 deteCiae
614 2306 930 2392 fuissent.
1044 2303 1342 2387 Veriim
1379 2309 1474 2384 de
1507 2303 1648 2385 hac
1682 2296 1757 2384 re
1792 2306 1895 2386 fic
1929 2309 2205 2418 accipe,

266 2448 515 2561 Supra
602 2448 1054 2556 descriptum
1126 2446 1598 2558 planetarum
1678 2444 2019 2556 systema,
2119 2449 2207 2533 iis

274 2588 581 2681 constat
652 2588 1101 2699 corporibu3‚
1175 2615 1338 2698 quae
1403 2587 1613 2668 nobis
1677 2588 2029 2670 terricolis
2088 2593 2204 2673 vi-

274 2733 520 2814 denda
564 2732 633 2810 se
680 2727 1074 2812 exhibentz
1123 2734 1518 2841 spectatore
1553 2748 1808 2810 autem
1845 2729 1993 2812 huc
2027 2732 2205 2817 illuc

283 2903 417 2985 per
454 2870 770 2981 systema
816 2871 1173 2975 transsato,
1231 2874 1387 2953 alia
1427 2889 1715 2981 corpora
1743 2871 1970 2952 videri
2018 2872 2204 2953 defi·

285 3033 494 3113 nent,
567 3014 723 3097 alia
791 3040 1134 3122 apparere
1178 3014 1563 3121 incipient.
1673 3013 1792 3092 Sic
1849 3009 2069 3091 oculo
2127 3014 2208 3094 in

266 3160 608 3238 ‘Saturno
642 3154 1084 3250 constituto,
1151 3155 1340 3235 solus
1384 3152 1850 3260 planetarum
1894 3153 2212 3262 Jupiter-
2303 3153 2306 3160 '

289 3298 822 3406 conspicietur3
896 3293 1106 3405 isque
1152 3321 1301 3373 non
1339 3293 1585 3371 multo
1625 3293 1917 3403 longius
1951 3293 1996 3376 ὲ
2044 3296 2210 3378 Sole

294 3440 690 3539 discedens,
762 3436 996 3545 quam
1066 3436 1429 3516 discedere
1508 3436 1927 3518 Mercurius
1997 3436 2211 3519 nobis

266 3581 612 3665 ¹videtur.
749 3580 925 3661 Imo
988 3605 1224 3689 quum
1277 3577 1541 3659 oculus
1588 3578 1682 3658 ad
1741 3579 2017 3686 Jovem
2053 3575 2212 3658 -de—

297 3720 684 3818 scenderit,
745 3722 1045 3802 nullum
1093 3719 1340 3802 adhuc
1388 3717 1433 3798 ὲ
1486 3739 1808 3827 quatuor
1850 3714 2213 3803 inferiori·-

298 3849 457 3962 μηδ’
481 3861 777 3958 videbit,
890 3863 1150 3962 Ambo
1204 3881 1453 3954 autem
1491 3856 2003 3978 hisisperiores,
2063 3861 2219 3941 suas

1910 4016 2225 4124 uterque
