2816 4602
703 342 1337 485 Cqsmotheorae‘a
1383 338 1814 451 P'uerilisss
2041 384 2092 453 1
2106 368 2242 487 5‘9

368 550 371 553 ·
421 528 546 610 Μ.
578 524 884 608 Melius
921 527 1145 637 igitur
1173 522 1384 611 nobi‘s
1407 530 1572 640 jam
1617 528 2047 614 consultum
2093 534 2231 620 est.

312 668 532 774 Quid
598 666 768 749 vero
829 670 883 749 fi
950 673 1100 780 ejus
1166 670 1403 752 orbita
1458 692 1725 781 quater
1784 678 2235 757 contractior

288 802 533 924 fforet,
608 812 689 891 &t
764 802 857 893 ad
926 798 1387 919 distantiam,
1421 799 1824 923 'sexaginta
1903 810 2239 898 millium

307 944 749 1033 milliarium
792 950 1097 1035 tantum
1144 948 1189 1035 ὲ
1227 955 1410 1035 terra
1445 955 1930 1038 revolveretur
1965 959 1997 1038 ?

418 1096 518 1175 Ρ.
579 1094 741 1173 Sola
791 1114 976 1177 tunc
1023 1098 1413 1179 montium
1471 1086 1896 1198 cacumina,
1969 1100 2067 1180 ab
2113 1092 2252 1181 in-ss·

308 1238 486 1315 sano
520 1224 885 1345 aquarum
935 1239 1298 1336 tumultu,
1370 1239 1817 1322 mortalibus
1858 1236 2237 1350 refugium

307 1379 615 1458 darent:
674 1377 795 1457 sed
827 1400 1122 1488 tempus
1158 1382 1345 1459 olim
1376 1369 1643 1477 veniet,
1683 1379 1995 1480 Matho,
2043 1410 2234 1463 cum

307 1517 473 1598 haec
506 1519 769 1599 omnia
807 1540 941 1599 tuo
986 1540 1222 1601 marte
1269 1537 1735 1630 computare,
1805 1521 1943 1600 tibi
1973 1522 2243 1631 volup-

308 1659 451 1740 tati
486 1660 735 1739 fuerit.
832 1686 851 1703 ·

423 1804 544 1886 M.
599 1799 799 1896 Imo,
900 1801 953 1881 fi
1013 1788 1195 1911 quid
1260 1801 1470 1884 labor
1543 1801 1929 1911 improbus
1990 1804 2233 1916 possit,

308 1944 509 2024 brevi
544 1946 808 2037 veniet,
870 1943 1393 2059 namenullam
1445 1947 1524 2025 in
1582 1946 1732 2026 vita
1779 1946 2237 2059 voluptatem

309 2103 502 2193 puto
536 2084 681 2165 effe
721 2112 888 2195 quoe
935 2112 1118 2167 cum
1156 2084 1297 2167 hac
1338 2086 1784 2170 conferenda
1822 2090 1936 2167 fit.
2074 2092 2239 2169 De-

314 2228 540 2337 nique
592 2247 873 2324 autem,
949 2228 1133 2336 quid
1197 2228 1250 2305 fi
1289 2226 1762 2337 stcundarius
1798 2227 2242 2335 primarium
2336 2290 2347 2298 -

216 2417 223 2426 ι
311 2367 690 2476 planetam
751 2366 1855 2478 magnitudine·aequipararet?

420 2511 520 2594 P.
578 2510 649 2587 Si
687 2509 1199 2616 magnitudine
1239 2512 1317 2590 ὅτ.
1351 2509 1679 2619 detfitate
1701 2547 1725 2604 3
1799 2530 2053 2591 neuter
2087 2510 2239 2621 pri-

312 2633 759 2733 marius'aut
798 2650 1251 2732 secundarius
1291 2634 1649 2733 dicendus
1686 2649 1912 2736 foret:
1970 2675 2236 2763 praete-

310 2815 457 2892 rea,
532 2794 833 2875 breviori
908 2779 1239 2901 periodO,
1306 2787 1442 2877 aut
1522 2798 1803 2902 majore
1878 2795 2235 2886 distantia

310 3091 452 3164 petu
476 3075 701 3160 semper
729 3076 971 3142 illabens
998 3090 1101 3140 aut
1145 3077 1443 3158 recedens,
1485 3078 1636 3142 dum
1674 3074 1912 3162 lingulis
1947 3077 2106 3144 horis
2132 3098 2236 3163 per

283 3183 689 3254 ,altitudinem
734 3177 1014 3239 undecim
1056 3175 1117 3242 ἃ
1160 3179 1412 3261 amplius
1456 3179 1675 3263 pedum
1715 3177 2072 3259 ascenderet,
2128 3195 2237 3247 aut

311 3282 644 3357 subsideret,
695 3278 985 3361 inhospita
1011 3281 1216 3344 omnia
1246 3281 1310 3342 in
1332 3280 1634 3346 littoribus
1662 3281 1947 3366 redderet,
1976 3281 2035 3347 ὅτ
2062 3280 2237 3348 vasti-

180 3375 183 3380 ’
312 3402 497 3453 tatem
532 3386 591 3446 in
621 3381 763 3446 locis
804 3395 1040 3463 propter
1063 3381 1242 3444 maris
1260 3402 1426 3444 oram
1460 3382 1870 3446 humilioribus
1901 3404 2003 3464 per
2039 3381 2236 3445 multa

304 3487 581 3553 milliaria
609 3487 796 3548 daret.
890 3480 1057 3566 Quid
1079 3496 1282 3548 autem
1311 3483 1392 3548 eis
1415 3482 1475 3545 in
1497 3482 1642 3550 locis
1671 3480 1799 3549 fieri
1828 3481 2096 3559 deberet,
2135 3481 2240 3551 ubi

306 3589 532 3662 scilicet
558 3585 727 3650 aestus
759 3602 901 3667 10,5
939 3587 1181 3670 pedum,
1221 3585 1294 3649 ad
1323 3602 1402 3670 45
1441 3587 1565 3671 jam
1597 3582 1956 3659 intumescit,
2004 3596 2073 3647 ut
2095 3577 2232 3647 Bri·

312 3686 534 3760 stoliae!
625 3686 809 3750 Certe
843 3687 1132 3772 pra-rupti
1174 3710 1454 3773 aquarum
1498 3703 1725 3767 montes,
1771 3697 1913 3751 cum
1942 3686 2240 3754 horrendo

310 3797 541 3876 impetu
574 3786 634 3852 &
666 3786 897 3870 fragore
926 3788 1236 3880 irruentes,
1263 3787 1472 3854 omnia
1490 3801 1703 3872 praeter
1725 3784 1870 3871 ipsas
1897 3805 2069 3872 rupes
2086 3787 2237 3855 ster-

305 3909 524 3970 nerent
552 3910 729 3976 atque
763 3890 1041 3958 delerent.
2111 3919 2114 3922 ·

1208 4029 1259 4089 2
1724 4019 1762 4049 ··
2048 4028 2244 4123 opus
