2816 4602
404 338 407 343 '
536 333 582 403 1
609 299 730 395 28
939 286 1582 426 Cosmotheoria
1630 280 2041 383 Puer-ilis.

525 470 710 578 quin
765 470 845 546 ec
903 466 1183 575 Iapides,
1255 464 1473 571 ligna,
1532 462 1844 558 metalla,
1919 457 2151 577 cuivis
2209 422 2475 540 tafiui

526 609 891 714 cedentia,
965 606 1185 686 instar
1246 633 1509 702 arenae,
1567 623 1700 685 aut
1738 601 1961 719 ipfius
1989 628 2208 712 aquae
2247 599 2480 681 fluxa

530 749 784 835 effent.

647 896 759 974 P:
803 894 914 970 Ita
966 887 1283 967 omnino
1321 887 1389 966 se
1447 910 1555 965 res
1594 882 1857 963 habet:
1919 909 2102 963 nam
2141 906 2307 958 non
2355 877 2491 956 so-·

534 1031 700 1113 lum
739 1057 917 1139 opus
959 1047 1115 1109 erat
1150 1048 1242 1107 ut.
1273 1016 1592 1107 'materia
1632 1023 2050 1104 constanter
2094 1024 2175 1100 δε
2216 1017 2494 1101 ubivis

533 1172 908 1268 resisteret,
968 1165 1228 1247 verum
1275 1170 1506 1248 etiam
1552 1185 1638 1245 ut
1683 1164 2008 1272 partium
2053 1160 2355 1255 refisten
2372 1159 2495 1238 tia
2517 1172 2530 1216 ¹

536 1313 614 1391 in
662 1311 950 1391 diverfis
986 1311 1410 1417 corporibus
1453 1309 1547 1386 ab
1583 1307 1732 1413 ipsa
1778 1305 1923 1383 Dei
1959 1306 2295 1411 potentia
2348 1301 2492 1397 ‹ii-3

543 1450 959 1534 verfimode
1012 1451 1501 1531 intenderetur
1538 1450 1616 1529 ὅτι
1655 1447 2195 1526 incrementum
2256 1442 2492 1523 acci-

547 1614 779 1705 peret,
850 1614 939 1675 ut
1011 1593 1378 1674 firmitatis
1452 1592 1621 1670 satis
1686 1586 2059 1683 haberent,
2130 1587 2225 1665 ad
2269 1585 2492 1665 varia

554 1737 679 1817 sua
726 1736 991 1816 munia
1040 1735 1116 1811 in
1169 1752 1430 1813 natura
1463 1729 1895 1839 praestanda.

660 1879 779 1958 M.
839 1877 953 1956 Ita
1001 1873 1533 1981 intelligebam.

669 2158 763 2236 L.
822 2155 920 2235 P.
996 2157 1170 2261 Jam
1216 2177 1419 2258 erge,
1492 2146 1607 2227 his
1641 2144 2045 2259 praemiffis‚
2105 2169 2201 2224 an
2226 2134 2496 2248 potest

558 2299 782 2382 solida
853 2296 975 2410 illa
1046 2292 1471 2390 substantia,
1573 2318 1740 2399 quae
1803 2285 2020 2367 omni
2083 2282 2489 2392 statusvsui

561 2440 997 2535 mutationi,
1075 2438 1214 2516 five
1259 2432 1705 2544 quiescendi,
1779 2430 1921 2509 five
1967 2428 2045 2506 in
2109 2426 2486 2507 diredtum

558 2580 1037 2662 uniformiter
1125 2576 1640 2683 progrediendi
1717 2568 2103 2652 neceffarib
2190 2567 2481 2668 refistit,

553 2751 688 2806 non
733 2718 1026 2827 rcssstere
1056 2716 1096 2796 i?
2420 2797 2428 2801 ,

648 2865 796 2944 M.
854 2862 1041 2941 Non
1086 2852 1344 2962 ςεῐῐὲς
1395 2851 1568 2934 ¹hot:
1615 2849 1821 2932 enim
1857 2849 1961 2929 est
1995 2837 2490 2958 postularent

562 3007 740 3118 quid
773 3005 904 3100 non
919 3005 1051 3109 s
993 3020 1028 3080 t
1125 2998 1289 3079 dum
1324 2992 1702 3109 neceffarib
1719 2993 1832 3095 est,
1890 3018 2055 3101 quae
2092 2989 2486 3073 manifesta

569 3147 676 3228 est
711 3141 1227 3256 repugnantia.
2559 3226 2564 3232 ²

569 3326 575 3333 ·
682 3290 784 3386 P.
842 3288 982 3365 Sed
1060 3280 1476 3391 numquid
1515 3276 1758 3386 potest
1836 3274 2098 3394 eadem
2162 3271 2486 3377 refistens
2579 3349 2580 3352 ,

572 3428 979 3540 substantia
1024 3424 1533 3506 mutationem
1574 3416 1800 3498 status
1830 3416 1958 3494 fibi
1988 3415 2374 3496 inducere?
2457 3507 2464 3518 ι

680 3575 803 3654 Μ.
858 3569 1022 3680 Ipsa
1090 3562 1392 3674 quaestio
1454 3560 1715 3644 ίὲευιῃ
1773 3573 2123 3664 .;pugnat
2180 3557 2487 3663 quando

574 3711 825 3798 status
839 3707 1238 3796 mutationi
1283 3700 1673 3785 necessari&
1709 3696 2013 3780 refistat.
2145 3703 2277 3778 An
2314 3725 2488 3782 muo-

566 3854 942 3952 tationem
977 3851 1336 3947 efficeret,
1394 3824 1792 3928 resistendo
1828 3836 2278 3924 mutationi?
2411 3897 2473 3929 .,

2117 3979 2214 4059 P.
2275 3973 2494 4086 Qid
