2816 4602
698 303 1331 443 Cqsmotheoria
1367 306 1789 406 Puerilis.
2013 346 2056 407 1
2080 341 2127 406 2
2146 344 2198 439 5

401 566 703 706 XLIX.
761 626 881 705 M.
939 622 1072 703 Est
1117 641 1366 704 tamen
1406 620 1539 704 hic
1567 621 1956 734 quiddam,
2004 627 2208 734 quod

253 793 388 846 ex
428 785 500 847 te
535 764 736 846 valde
785 768 956 845 scire
991 764 1235 844 velim.

403 910 501 989 P.
561 906 960 1018 Qidnam
1002 906 1182 986 illud
1219 909 1247 986 ?

404 1050 524 1128 Μ.
587 1048 942 1128 Potuitne
992 1035 1645 1155 Deus'potentiam
1702 1047 2032 1129 materiae
2074 1047 2214 1130 ali-

270 1217 523 1299 quam
559 1188 918 1268 indulfiffe
954 1193 981 1272 ἓ
1843 1274 1848 1279 ,

410 1333 507 1413 Ρ.
567 1330 933 1427 Arduam‚
1009 1328 1129 1408 sed
1165 1354 1301 1406 nec
1336 1326 1681 1407 inutilem
1722 1330 2215 1435 quaestionem

278 1499 576 1552 moves,
718 1471 1062 1571 Quidam
1101 1468 1340 1576 enim,
1417 1468 1608 1546 dum
1637 1467 1854 1548 caute
1889 1471 1979 1548 de
2015 1472 2232 1570 Dec„

286 1616 379 1695 δε
408 1610 963 1716 omnipotentia
987 1607 1266 1687 Divina
1288 1608 1752 1714 loquendum
1789 1606 2215 1716 praedicant,

287 1783 397 1835 ne
436 1780 593 1832 non
634 1750 799 1829 satis
846 1750 951 1859 pii
1003 1749 1231 1829 fimus
1293 1748 1697 1857 quicquam
1740 1749 1807 1827 ei
1844 1752 2246 1859 negandO„

284 1894 505 1975 nulla
545 1920 693 1989 non
733 1892 1038 1976 absurda
1085 1891 1191 1968 illi
1224 1889 1612 1998 affingunt,
1673 1907 1760 1971 ut
1798 1890 2048 1973 inania
2095 1894 2220 1975 sua

283 2038 401 2115 de
447 2033 856 2120 hominum
920 2032 1191 2112 animis
1260 2032 1651 2140 figmenta,
1726 2060 1889 2141 quae
1939 2033 2220 2117 ratione

289 2205 453 2256 non
496 2174 815 2283 poffunt,
868 2176 1103 2284 specie
1146 2173 1396 2252 saltem
1449 2173 1740 2278 pietatis
1774 2172 2220 2287 suffislciant‚

294 2321 630 2400 Breviter
662 2338 916 2396 autem
955 2316 1055 2394 fic
1088 2317 1358 2419 accipe.
1449 2314 1834 2420 Qicquid
1868 2340 2049 2393 verae
2084 2342 2223 2423 po·-

295 2460 556 2541 tentiae
616 2457 1004 2563 competit,
1075 2453 1315 2562 potest
1368 2450 1567 2534 certe
1623 2453 1833 2534 Deus
1893 2454 2220 2540 efficere:

297 2603 360 2680 fi
405 2596 575 2678 verb
622 2597 928 2705 cujusvis
965 2595 1066 2674 rei
1103 2592 1390 2674 effeffio
1437 2594 1569 2675 fibi
1607 2616 1973 2703 repugnat
2009 2598 2115 2705 (v.
2146 2628 2221 2708 g.

296 2741 588 2842 efficere
623 2753 708 2815 ut
750 2736 929 2847 quid
926 2740 1060 2846 stt,
1116 2734 1280 2816 dum
1320 2764 1455 2816 non
1484 2733 1635 2843 fsto)
1702 2739 1884 2819 illud
1922 2767 2076 2821 non
2130 2744 2226 2823 ad

306 2881 725 2991 potentiam
762 2881 991 2961 ullam
1035 2878 1369 2986 pertinet,
1447 2877 1563 2955 sed
1600 2878 1904 2958 absurda
1957 2880 2066 2957 est
2113 2910 2227 2961 re·

268 3049 271 3052 “
312 3053 484 3104 rum
533 3020 978 3128 compefitio
1027 3020 1106 3098 in
1155 3017 1406 3096 nostro
1469 3018 1873 3112 intelled'tu,
1936 3019 2046 3099 vel
2082 3047 2229 3127 po-

314 3161 463 3246 tihs
498 3165 893 3242 verborum
936 3162 1009 3240 in
1051 3161 1387 3238 sermone
1406 3194 1433 3250 3
1491 3184 1671 3235 nam
1718 3158 1885 3237 talia
1924 3160 2231 3273 intelligi

314 3322 718 3415 nequeunt.

422 3451 540 3528 M.
607 3442 841 3524 Valde
888 3438 1080 3520 mihi
1117 3439 1380 3519 arridet
1421 3436 1587 3520 sane
1633 3438 1794 3524 haec
1842 3462 2000 3525 tua·
2033 3444 2233 3524 solu-2

315 3587 430 3669 tio
471 3615 490 3664 ε
548 3587 722 3686 illud
767 3585 971 3663 enim
1011 3603 1252 3691 petere
1308 3580 1442 3679 est,
1503 3585 1855 3686 ire-Deus
1901 3583 2235 3691 illudfa-

316 3726 496 3823 ciat,
554 3727 758 3833 quod
797 3725 973 3803 facit
1001 3762 1023 3816 3
1098 3724 1209 3803 vel
1244 3744 1330 3803 ut
1366 3722 1570 3817 illud,
1637 3723 1840 3831 quod
1876 3724 2064 3808 nihil
2098 3730 2237 3830 est,

322 3868 542 3950 faciat
567 3906 593 3964 ς
653 3891 813 3949 rem
859 3865 1262 3952 infantium
1304 3862 1591 3973 ineptiis
1622 3864 2129 3952 'fimillimarm

1951 4011 2050 4088 P.
2089 4008 2241 4087 Ea-
