2816 4602
589 348 632 408 1
660 312 781 406 80
985 260 1623 442 Cosmotzeoria
1660 310 2086 411 Puerilis.

583 494 699 601 (ac
768 490 936 569 ideo
1002 488 1120 568 vel
1173 488 1388 569 vicies
1443 493 1523 572 δε
1585 490 2005 599 quinquies,
2080 488 2195 570 vel
2224 489 2516 576 „centies

581 631 877 711 minore
921 628 1182 731 disc0,)
1250 627 1481 738 quam
1529 632 1738 712 nobis
1780 649 2116 741 apparet-2
2176 627 2524 741 primarii

582 772 756 854 verb
791 772 895 851 sui
938 768 1052 848 his
1093 768 1542 874 satellitibus,
1617 801 1774 853 non
1822 790 2183 882 tanquam
2229 775 2521 869 Lunae‚

584 915 710 998 sed
755 911 1107 1015 vastorum
1129 909 1491 1017 globorum
1525 914 1779 1014 instar,
1839 916 1917 994 in
1955 912 2162 995 coelis
2217 911 2530 1022 fulgen-

589 1056 814 1150 tium,
890 1054 1329 1159 spectantur.

692 1196 812 1273 M.
871 1190 1305 1299 Augustum
1373 1190 1570 1290 sane,
1634 1194 1714 1274 δε
1764 1193 2184 1302 jucundum
2232 1194 2534 1302 specta-

580 1333 899 1419 culum!
976 1336 1086 1412 At
1134 1333 1295 1412 satis
1344 1333 1596 1413 mirari
1627 1361 1934 1443 nequeo
1988 1363 2128 1416 cur
2173 1335 2530 1444 primar’n’

592 1477 739 1558 fint.
784 1477 944 1595 sicis
986 1475 1219 1554 etiam
1269 1475 1505 1557 Lunis
1553 1477 1789 1556 Lunae
1824 1478 2003 1559 vice.
2116 1479 2384 1595 Qarc

705 1760 1005 1851 LXIV.
1059 1760 1213 1843 Dic
1253 1753 1471 1851 mihi,
1517 1761 1787 1864 quaeso‘,
1845 1757 2014 1866 quis
2048 1757 2138 1838 fit
2183 1761 2343 1838 usus
2374 1756 2533 1837 hu-

582 1904 700 2009 jus
746 1915 905 1979 tam
955 1898 1230 2009 copiofi
1284 1896 1619 1995 luminis,
1688 1899 1765 1978 in
1801 1899 2269 1982 secundarios
2303 1896 2529 2001 husee

593 2039 690 2123 ab
725 2036 889 2147 ipfis
936 2038 1303 2146 primariis
1375 2035 1667 2132 reflexi,
1724 2060 1852 2121 aut
1919 2041 1996 2119 in
2035 2043 2338 2122 Lunam
2389 2055 2531 2123 no-

601 2182 828 2264 stram
867 2179 961 2260 ab
1003 2178 1142 2260 hac
1182 2178 1324 2288 ipsa
1362 2177 1670 2263 tellure?

632 2327 810 2408 ·.P
869 2323 1267 2404 Nimirum
1333 2338 1419 2399 ut
1456 2320 1714 2400 orbitae
1763 2319 1906 2399 suae
1952 2320 2295 2403 semitam
2328 2325 2532 2432 quis.-

602 2496 751 2577 que
817 2464 1254 2571 dignoscat:
1344 2459 1526 2541 alias
1588 2464 1792 2541 enim
1869 2458 1948 2538 in
2020 2465 2332 2545 tenebris
2402 2494 2532 2576 per

601 2630 980 2711 magnum
1050 2605 1269 2683 inane
1340 2603 1790 2699 incedentes,
1851 2603 2212 2713 nullisque
2279 2634 2526 2690 rerum

601 2744 917 2853 vestigiis
953 2741 1385 2839 innitentes,
1438 2743 1530 2820 de
1578 2743 1693 2822 via
1740 2744 2070 2822 aberrare
2109 2749 2528 2852 potuiffent.
2617 2735 2681 2847 lx

715 2889 832 2970 M.
892 2885 1108 2993 Qid
1155 2903 1235 2963 tu
1272 2902 1528 2962 autem
1570 2884 1645 2963 in
1686 2903 1958 2962 tetam
1999 2885 2173 2968 seria
2208 2891 2524 2999 jocarisl

606 3035 758 3118 Dic
807 3026 1003 3109 mihi
1041 3028 1208 3136 quis
1279 3025 1367 3104 fit
1422 3025 1651 3104 usus?
1739 3050 1980 3131 neque
2027 3029 2237 3109 enim
2282 3032 2531 3112 verifi-
2590 3100 2606 3118 .

610 3173 789 3257 mile
842 3168 946 3247 est
993 3188 1293 3254 tanturn
1343 3166 1647 3246 luminis
1694 3167 1982 3276 prodigi
2036 3171 2116 3250 &
2187 3171 2537 3254 inutiliter

609 3312 947 3428 disperdi.
1202 3334 1239 3351 ‘²
2642 3301 2647 3306 ’

721 3461 816 3543 Ρ.
873 3455 975 3537 Et
1022 3450 1215 3558 qui8‚
1288 3451 1553 3558 quaeso,
1628 3448 1798 3530 usus
1829 3448 1932 3529 est
1984 3449 2181 3529 tanti
2227 3450 2535 3533 luminis

590 3566 656 3682 'a
697 3593 1134 3681 secundariis
1179 3591 1252 3669 in
1293 3591 1482 3700 ipsos
1521 3591 1911 3698 primarios
1947 3590 2250 3676 reflexi?
2312 3595 2532 3676 Num

614 3741 926 3824 inaniter
973 3733 1407 3843 disperditur
1443 3736 1513 3812 ?·

2116 4014 2235 4097 M.
2297 4014 2530 4095 Nun-
