2816 4602
642 328 689 395 1
704 376 709 383 .
711 330 763 426 5
778 297 842 390 6
1042 288 1670 428 qumotbeoria
1705 294 2132 394 Puerilis.

628 486 939 577 uterque
973 470 1257 566 Lunas,
1318 469 1569 548 multo
1616 469 2228 578 splendidiffimas
2257 465 2555 577 conspi-

628 610 857 693 cient.
970 609 1181 689 Idem
1228 635 1400 716 ergo
1463 609 1804 716 systema,
1863 609 2076 691 aliud
2126 608 2365 691 cuivis
2412 605 2584 688 ho-²

628 779 838 852 rum,
895 749 1107 832 aliud
1160 750 1374 829 nobis
1433 751 1863 860 apparebit:
1924 779 2104 832 nam
2157 762 2401 860 quum
2468 747 2582 869 acik

628 907 906 975 terram
957 888 1235 999 venerit
1283 891 1580 1003 oculta,
1653 894 2051 1002 superiores
2112 882 2239 973 bas
2267 889 2573 998 clariffi-

634 1062 789 1116 mas
825 1036 1079 1116 Lunas
1127 1030 1448 1141 amplius
1517 1062 1669 1115 non
1734 1054 1980 1143 cernet
2003 1072 2027 1128 3
2086 1033 2371 1142 quippe
2406 1058 2576 1111 non

629 1174 843 1267 nobis,
930 1173 1049 1251 sed
1113 1169 1279 1280 suis
1335 1172 1729 1280 primariis
1804 1173 2146 1255 lucentes·
2294 1142 2575 1278 Qare

630 1311 887 1395 multo
924 1314 1075 1393 veri
1112 1311 1418 1425 fimilius
1477 1312 1613 1414 est,
1670 1322 2024 1426 corpora,²
2058 1313 2367 1425 quae’ad
2404 1310 2569 1421 sys-

633 1452 938 1536 tematis
1017 1452 1362 1536 ordinem
1453 1452 1765 1555 faciunt,
1886 1456 2119 1537 adeffe
2163 1494 2188 1549 ;
2299 1452 2573 1562 quem,

642 1595 855 1707 quod
909 1622 1046 1676 nos
1105 1622 1191 1676 ea
1260 1622 1416 1675 non
1481 1624 1900 1696 ceniarum,
1958 1569 2210 1678 abeffe'.
2353 1595 2575 1677 Nam

640 1741 811 1846 quis
852 1755 1029 1818 ante
1095 1735 1508 1834 Galilaeum‚
1569 1739 1843 1845 Jovem
1898 1741 2053 1819 suas
2112 1741 2366 1820 Lunas
2426 1733 2576 1815 ha-

643 1879 854 1987 bere,⁴
910 1871 1412 1957 Satnrm'lmve
1471 1879 1635 1958 suas
1695 1899 1869 1959 ante
1910 1876 2359 1988 Hugenium
2431 1878 2572 1955 su-

641 2017 957 2126 spicatus
992 2014 1159 2100 est?
1274 2019 1649 2098 Venerem
1701 2049 2002 2129 quoque
2059 2021 2339 2101 comite
2383 2045 2573 2125 gau·

648 2158 817 2241 dere
877 2157 1270 2267 plusquam
1334 2155 1640 2266 suspicio
1694 2159 1829 2255 est,
1905 2180 1995 2243 ut
2031 2161 2137 2241 Cl.
2182 2159 2578 2264 Gregorius

645 2304 783 2402 ait,
864 2319 971 2381 ex*
1005 2298 1285 2380 duabus
1332 2297 1805 2381 oculatisfimi
1862 2303 1975 2383 D.
2014 2301 2264 2411 Caffini
2322 2300 2576 2380 obser-

645 2435 1092 2538 ¹vationibuS,
1148 2468 1316 2549 quae
1350 2439 1561 2523 faetae
1608 2443 1784 2523 sunt
1830 2442 2044 2524 annis
2081 2444 2264 2525 inter
2301 2441 2368 2522 se
2405 2442 2575 2521 satis

651 2586 884 2690 longo
928 2575 1308 2661 intervallo
1338 2579 1623 2665 diffitis.

760 2726 882 2804 M.
945 2719 1294 2800 Omnino
1333 2747 1460 2799 me
1495 2723 1570 2801 in
1604 2743 1815 2804 tuam
1857 2724 2300 2804 sententiam
2338 2722 2566 2832 rapis:

651 2892 786 2948 cur
843 2860 1050 2943 enim
1112 2879 1453 2969 putemus
1525 2864 1801 2957 Lunas‚
1862 2891 2025 2972 quae
2098 2863 2352 2944 nostro
2411 2863 2572 2942 usui

652 3035 813 3091 non
855 3001 1338 3099 destinantur,
1412 3003 1629 3084 nobis
1680 3002 2109 3111 conspicuas
2165 3004 2304 3084 effe
2351 3006 2573 3084 debe-

651 3151 774 3230 re?
915 3144 1133 3254 Qid
1209 3162 1459 3225 autem
1538 3146 1773 3227 causae
1840 3144 1973 3244 est,
2033 3145 2244 3256 quod
2322 3146 2575 3253 exigui

652 3285 967 3403 planetae
1012 3283 1487 3393 stcundarius
1545 3284 1845 3397 propios
1914 3286 1959 3367 ὲ
2025 3285 2381 3398 primario
2444 3290 2576 3368 suo

655 3430 1009 3519 revolvere
1044 3428 1331 3522 debeat,
1391 3430 1504 3507 uti
1548 3431 1835 3509 dicebas
1868 3432 1896 3508 ?

767 3578 867 3662 P,
925 3557 1138 3686 Qia
1207 3566 1463 3672 exigui
1529 3571 1843 3680 planetae
1891 3568 2239 3676 languida
2299 3566 2406 3646 est
2473 3568 2578 3650 vis

654 3712 1077 3794 attrahendi
1115 3699 1486 3790 satellitem
1507 3748 1532 3805 3
1590 3712 1670 3789 δε
1706 3709 1761 3788 fi
1800 3706 2018 3817 hujus
2044 3713 2137 3789 ab
2170 3710 2299 3788 illo
2338 3711 2577 3813 major

650 3850 818 3971 efl‘et
859 3852 1232 3949 distantia,
1301 3852 1716 3968 admodum
1749 3829 1943 3936 lente
1983 3850 2314 3940 incedere
2351 3849 2574 3932 debe-

2435 4013 2603 4092 reg·
