2816 4602
562 278 618 351 1
632 272 773 373 „54
973 232 1619 375 Cqsmorbeoria
1668 233 2082 371 Puerilis.

559 433 811 533 praeter
837 412 1142 524 quinque
1176 414 1453 508 Lunas,
1525 412 1639 520 (ὅτ
1674 410 1992 523 quidam
2031 410 2489 522 suspicantur

558 554 701 637 effe
732 552 1094 668 stxtamj
1155 581 1322 661 quae
1371 551 1698 635 lumen
1668 583 1711 633 a
1744 549 1914 635 Sole
1951 573 2352 667 acceptum
2400 556 2484 641 in

559 722 747 778 eum
803 693 1350 805 repercutiunt3
1418 695 1723 778 sublimi
1790 666 1919 775 illo
1980 696 2060 776 δε
2123 694 2492 805 stupendo

533 840 826 953 fornice
857 835 1363 936 circundatur,
1411 837 1536 918 cui
1568 835 1759 917 nihil
1797 835 2059 934 fimile,
2116 854 2493 946 quantum

563 979 915 1062 mortales
949 978 1307 1058 novimus
1350 978 1430 1057 in
1489 1007 1772 1059 rerum
1793 996 2058 1059 natura
2116 979 2494 1088 reperitur.
2517 1086 2524 1091 .

561 1120 809 1233 Qale
848 1146 1173 1228 namque
1218 1120 1715 1229 spectaculum
1752 1090 1887 1217 est,
1959 1121 2191 1200 noctu
2223 1118 2488 1202 lucen-

554 1281 712 1344 tem
785 1287 1078 1339 cernere
1149 1289 1407 1344 arcum,
1474 1260 1878 1357 immanem,
1956 1285 2081 1368 per
2157 1288 2490 1377 concava

558 1401 759 1500 coeli,
804 1402 901 1482 ab
935 1397 1339 1485 horizonte
1372 1400 1466 1481 ad
1497 1400 1980 1486 horizontem
2017 1403 2490 1519 protensum!

560 1544 724 1660 qui,
780 1564 1072 1655 quanto
1125 1543 1505 1639 remotior,
1577 1563 1791 1645 tanto
1824 1542 2043 1622 latior
2075 1541 2495 1651 augustior-

562 1714 709 1809 que
752 1706 1077 1793 apparet.
1219 1687 1475 1795 Hujus
1508 1684 1820 1803 quidem
1852 1685 2024 1764 usus
2055 1681 2278 1793 longe
2312 1684 2496 1789 alius

565 1826 857 1908 videtur
899 1825 1063 1922 esse,
1121 1822 1360 1932 quam
1399 1844 1487 1905 ut
1538 1826 1789 1906 lucem
1826 1825 2138 1935 demum
2209 1826 2285 1904 in
2327 1825 2496 1933 pla-

560 1982 801 2056 netam
843 1966 1165 2073 rejiciat,
1216 1994 1355 2045 nec
1389 1964 1587 2049 certe
1626 1967 2031 2048 insolentiae
2073 1966 2292 2079 ipfius
2327 1994 2496 2046 ma-

565 2105 864 2191 chinae
848 2134 1090 2217 1mpar
1137 2106 1518 2193 dicenduS.

677 2252 797 2331 Μ.
855 2250 928 2330 Si
961 2249 1290 2359 adjuncti
1318 2248 1627 2359 planetis
1662 2247 1762 2328 ob
1797 2241 1993 2327 hanc
2038 2248 2334 2362 causam
2383 2247 2502 2364 sa-

572 2377 834 2478 tellites
889 2392 1060 2492 fint,
1135 2409 1521 2473 uteorum
1560 2387 1605 2472 ὲ
1649 2388 1812 2470 Sole
1863 2387 2294 2504 distantiam
2343 2391 2498 2502 mi-

570 2533 870 2648 nisterio
906 2509 1039 2612 suo
1080 2534 1620 2640 compensent,
1694 2556 1819 2610 cur
1871 2531 2127 2612 Marti
2172 2531 2338 2611 suus
2370 2530 2500 2612 de-

567 2671 702 2769 est,
761 2697 1004 2779 quum
1069 2702 1112 2754 a
1172 2672 1352 2754 Sole
1407 2667 1706 2780 longius
1741 2671 1921 2750 absit
1956 2671 2189 2779 quam
2256 2671 2493 2788 telluS,

566 2840 731 2928 quae
784 2829 1036 2896 tamen
1086 2784 1468 2930 satellitem
1504 2813 1943 2922 adjunctum
1973 2810 2251 2892 habet
2236 2816 2262 2875 ἒ

679 2955 779 3036 Ρ.
841 2954 1032 3035 Non
1102 2972 1263 3033 tam
1336 2954 1577 3036 Marti
1646 2949 1867 3048 deest,
1938 2971 2026 3032 ut
2097 2953 2499 3064 opinantur

569 3097 775 3193 docili,
810 3091 1047 3203 quam
1080 3095 1303 3198 ‚nobis
1349 3114 1547 3182 terrae
1598 3060 1857 3173 incolis
1908 3093 2009 3174 ob
2061 3094 2493 3206 distantiam

571 3266 729 3325 non
768 3229 1250 3343 conspicitur,
1308 3237 1388 3327 δε,
1430 3234 1648 3317 fimul
1701 3233 1912 3345 quod
1970 3236 2323 3343 primario
2360 3236 2495 3314 suo

556 3361 1615 3489 ⁶magnitudine'respondeatz
1690 3355 1907 3458 Mars
1940 3379 2245 3475 etenim,
2306 3372 2495 3458 cum

573 3526 1042 3633 planetarum
1105 3507 1637 3627 primariorum
1686 3491 1995 3629 tanturn
2070 3547 2224 3613 non
2269 3517 2497 3600 mini·

452 3723 455 3732 Α
572 3689 744 3742 mus
790 3663 901 3760 fit,
980 3679 1237 3743 contra
1297 3657 1973 3766 naturaeordinem
2021 3661 2496 3768 grandior-em

573 3798 917 3922 asseclam
955 3802 1210 3905 secum
1250 3784 1586 3918 traheret.
1704 3798 1959 3917 ,Q'uod
1997 3799 2088 3883 eo
2139 3799 2496 3883 verisimi-

2363 3938 2505 4026 lius
