2816 4602
410 414 415 421 ‚
548 340 618 429 4
956 297 1576 434 Cosmotheoria
1619 298 2037 401 Puerilis.

658 474 778 562 M.
845 476 1049 562 Mihi
1080 505 1252 585 ergo
1297 505 1598 585 operam
1647 492 1855 553 tuam
1893 475 2114 570 dabis,
2168 490 2321 552 tam
2358 490 2445 554 ut

490 720 497 727 .
553 620 731 701 huic
808 635 947 697 tuae
992 618 1279 712 rationi,
1353 615 1586 724 quam
1636 641 1809 691 meo
1863 614 2209 695 defidcrio
2248 615 2448 692 satis-

552 761 832 862 faciae:
903 786 1145 864 quare,
1206 757 1430 836 missis
1501 754 1955 860 ambagibus,
2049 754 2208 835 haec
2280 753 2450 833 sunt

555 928 723 1009 quae
759 919 1095 977 mentem
1133 925 1412 997 meam,
1447 896 1620 978 alias
1655 894 2001 994 otiosam,
2042 893 2450 975 identidem

556 1038 1041 1147 interpellant.

672 1319 815 1399 ΙΙΙ.
888 1313 1189 1398 Coelum
1227 1313 1460 1394 oculis
1492 1312 1781 1422 aspicie,
1852 1313 2033 1420 quin
2073 1314 2166 1393 &f
2190 1331 2457 1396 terram

562 1459 859 1570 pedibus
885 1456 1137 1550 calco;
1206 1477 1284 1535 at
1328 1454 1508 1564 quid
1557 1454 1862 1532 sentiam
1899 1453 1992 1531 de
2031 1453 2346 1534 immani
2367 1454 2463 1534 ,il-

565 1601 643 1680 lo
690 1599 1045 1680 coelorum
1091 1594 1394 1691 fornice,
1445 1593 1555 1675 vel
1590 1595 1682 1673 de
1713 1592 1851 1672 hac
1884 1592 2037 1701 ipsa
2079 1613 2261 1675 terra
2304 1596 2464 1673 nes-

545 1739 711 1818 xcio,
853 1734 1125 1841 Cogito
1163 1738 1344 1842 saepe
1378 1763 1473 1814 an
1516 1755 1695 1813 terra
1732 1732 1821 1811 fit
1857 1733 2136 1840 prolata
2170 1736 2486 1815 ulterius

572 1881 653 1957 in
707 1876 1193 1970 immensum,
1251 1873 1439 1952 adeo
1503 1894 1590 1953 ut
1650 1871 1784 1979 qui
1853 1898 2221 1981 peragrare
2268 1875 2469 1973 velit,

575 2012 855 2124 semper
881 2013 1147 2093 habeat
1172 2013 1327 2121 quo
1348 2012 1681 2122 progredi
1700 2009 1951 2120 poffit‚
1977 2041 2112 2095 nec
2131 2043 2470 2125 unquam

576 2158 669 2249 ad
738 2155 975 2236 *finem
1037 2171 1387 2234 terrarum
1453 2153 1535 2233 fit
1577 2170 2039 2262 perventurus
2064 2194 2089 2250 3
2158 2156 2339 2236 item
2375 2184 2474 2236 an

581 2298 670 2380 fit
711 2296 935 2405 usquc
968 2292 1330 2402 profunda
1373 2295 1521 2375 fine
1573 2295 1745 2392 fine,
1792 2290 1902 2373 vel
1947 2295 2126 2402 quid
2167 2297 2475 2378 tandem

582 2439 800 2548 poffit
836 2435 973 2515 effe
1012 2434 1195 2514 infra
1245 2436 1479 2544 ipsam
1519 2455 1807 2517 terram.
1920 2436 2041 2514 Dc
2066 2439 2256 2518 coelo
2290 2438 2476 2546 quid

584 2579 880 2656 dicam?
960 2575 1246 2654 Omnia
1290 2603 1458 2682 quae
1493 2576 1637 2655 illic
1673 2575 1896 2676 fiunt,
1979 2579 2059 2657 δε
2112 2578 2475 2676 videntur,

589 2743 715 2797 me
803 2734 1145 2820 torquent
1217 2714 1798 2796 dubitationibus
1878 2719 1956 2796 δε
2025 2721 2478 2826 conjecturis.

591 2855 1011 2967 Qomodo
1090 2854 1192 2934 sol
1262 2875 1563 2937 tantum
1630 2855 1842 2964 spatii
1894 2855 2186 2964 fingulis
2226 2859 2483 2939 diebus

588 2995 959 3080 conficere
995 2993 1232 3102 posfit,
1292 2993 1475 3076 cum
1514 2995 1816 3076 interim
1859 2993 1903 3075 ὲ
1963 2997 2131 3076 loco
2184 3027 2337 3079 non
2374 3000 2486 3080 vi·-

591 3140 845 3217 deatur
889 3134 1206 3216 moveri:
1270 3124 1460 3235 Quo
1515 3136 1585 3215 se
1638 3136 1901 3244 vesperi
1949 3137 2137 3217 ultra
2189 3159 2485 3220 montes
2607 3197 2617 3203 -

591 3275 944 3388 proripiat
981 3304 1002 3355 z
1082 3276 1290 3382 Qid
1322 3279 1413 3355 de
1447 3304 1538 3356 eo
1563 3282 1929 3360 nocturno
1958 3296 2287 3386 tempore
2316 3277 2486 3362 fiat:

593 3422 724 3501 An
771 3417 1145 3525 penetrata
1194 3416 1456 3503 telluris
1508 3416 1833 3512 craffitie,
1887 3436 2017 3497 aut
2057 3419 2277 3498 maris
2319 3447 2494 3528 pro-

594 3557 984 3650 funditate,
1021 3555 1310 3663 postero
1350 3557 1471 3637 die
1505 3556 1789 3665 semper
1825 3558 1895 3635 sc
1932 3559 2170 3638 rursus
2203 3560 2300 3639 ab
2330 3581 2498 3641 ortu

597 3696 982 3780 ostendat:
1066 3695 1341 3793 Miror,
1391 3698 1722 3777 tantulus
1767 3693 1950 3777 cum
2000 3698 2114 3808 fit,
2172 3701 2498 3780 cundem

596 3865 721 3948 per
778 3862 1040 3919 omncs
1088 3857 1303 3921 terras
1363 3838 1688 3948 conspici
1745 3835 1963 3948 poffc,
2036 3841 2116 3921 δε
2175 3841 2500 3949 ejusdem

1443 3977 1462 3988 ”
2222 3979 2502 4089 ubique
