2816 4602
744 321 1381 460 Cffmotbeoria„
1413 323 1857 449 Puerilis.·-
2062 353 2181 454 22
2206 358 2266 455 ιἶτ

345 502 798 609 metthum
838 504 1121 586 Martis
1154 503 1557 615 parallaxin
1606 502 2034 611 indagandi,
2084 496 2278 611 sun-,3

346 648 440 757 gie
482 632 675 728 Solis
730 645 1164 728 deducenda
1220 665 1435 751 eratj
1504 664 1589 726 ut
1647 674 1851 726 error
1891 645 1972 726 in
2009 643 2260 757 ⁴obstr--

345 787 578 871 vando
650 790 785 870 vix
838 790 1114 868 evitari
1188 805 1423 897 queat,
1522 814 1680 897 quae
1730 815 1861 868 non
1907 786 2043 871 toti
2088 787 2276 872 Solis

254 996 266 1005 ,
329 929 712 1039 parallaxi
790 930 1082 1039 aequalis
1171 928 1459 1039 qvadqt,
1557 946 1646 1009 ut
1705 927 1834 1008 .ait
1913 927 2053 1010 Cel.
2143 932 2259 1014 D.

344 1071 560 1154 Keill.
687 1073 903 1178 Qui
924 1070 1166 1168 addit,
1215 1097 1311 1149 ex
1347 1068 1706 1150 fimilibus
1750 1067 2265 1152 observationi-

343 1214 484 1293 bus
555 1213 735 1292 illud
806 1209 1103 1293 tantum
1167 1232 1453 1292 certum
1521 1210 1685 1308 effe,
1778 1211 2021 1293 Solem
2091 1209 2265 1295 lon-

345 1354 512 1467 g'ius
575 1382 792 1465 7000
855 1353 1408 1432 semidiametris
1470 1350 1741 1433 telluris
1802 1352 1895 1431 ab
1951 1351 2074 1432 illa
2137 1354 2279 1463 di-,

349 1494 554 1575 stare.
737 1494 871 1574 Sed
961 1494 1040 1572 in
1123 1520 1195 1572 re
1272 1512 1434 1573 tam
1531 1480 1757 1599 gravi,
1861 1487 2050 1577 nihil
2119 1522 2261 1575 au·-

348 1635 485 1727 fim
557 1633 967 1729 affirmar03
1067 1660 1285 1741 penes
1352 1633 1533 1712 alios
1594 1631 1967 1743 judicium
2050 1633 2256 1725 esto:

348 1775 506 1857 haec
571 1776 645 1853 in
713 1776 1052 1869 medium
1116 1748 1485 1883 protulisse
1546 1772 1881 1856 sufficiam
1994 1774 2070 1853 si
2140 1778 2265 1856 ve.·

351 1918 432 2007 τὸ
507 1916 686 1994 Solis
761 1916 1144 2024 parallaxis
1222 1934 1428 1996 tanta
1502 1914 1613 2014 fit,
1707 1916 2057 2024 quaedam
2137 1919 2266 1998 su·

350 2085 481 2166 pra
537 2056 749 2136 allata
819 2059 979 2163 jam
1044 2055 1473 2163 corrigenda
1528 2054 1808 2134 fuerint
1838 2094 1864 2149 3
1937 2057 2052 2135 sed
2108 2057 2266 2140 doc-

350 2216 583 2277 torum
645 2198 841 2305 prius
902 2196 1388 2303 exspeftanda
1439 2192 1547 2273 est
1611 2195 1991 2279 sententia.
2084 2199 2267 2280 Hoc

352 2365 595 2420 unum
673 2357 930 2418 autern
1011 2335 1427 2416 subned'tere
1503 2334 1737 2431 liceat,
1843 2337 2047 2452 qu0d
2140 2339 2267 2422 vix

356 2479 664 2576 videtur,
754 2478 831 2555 in
887 2478 1136 2585 quavis
1189 2477 1373 2557 Solis
1428 2474 1801 2573 distantia,
1872 2479 2069 2588 poffc
2124 2500 2268 2562 ter-

357 2649 516 2699 ram
593 2622 782 2699 circa
851 2619 1263 2697 commune
1326 2619 1547 2698 suum
1628 2620 1707 2698 ὅτ,
1782 2619 2021 2702 Lunae
2096 2651 2266 2733 gra—

358 2763 599 2841 vitatis
659 2778 1005 2838 centrum
1078 2759 1349 2854 rotari·
1457 2760 1530 2840 Si
1600 2761 1805 2841 enim
1866 2761 2050 2844 Solis
2126 2793 2266 2874 pa-

359 2902 642 2985 rallaxis
705 2901 835 2983 fit
864 2891 1026 2997 10⁰,
1100 2902 1286 2982 Solis
1330 2903 1514 2982 vires
1578 2901 1655 2981 in¹
1720 2921 1982 2983 terram
2055 2905 2268 3016 76ies

360 3045 526 3123 sunt
615 3045 923 3149 majores
986 3039 1217 3149 quam
1290 3044 1525 3122 Lunae
1609 3042 1686 3123 in
1757 3044 2269 3139 eandem,s1

362 3184 444 3263 fit
491 3176 668 3280 26⁸,
739 3157 989 3264 adhuc
1061 3182 1274 3260 vicies
1348 3184 1427 3261 δε
1495 3182 1742 3264 novies
1814 3185 2124 3292 majores
2188 3215 2268 3266 e-

362 3347 567 3422 runt,
644 3342 726 3401 ut
798 3324 958 3431 plus
1038 3349 1187 3408 una
1260 3325 1746 3429 computandi
1826 3326 2109 3414 tatione
2153 3330 2271 3408 os·-

369 3469 666 3545 tendere
739 3464 1005 3545 liceret.
1140 3464 1366 3543 Unde
1439 3467 1681 3545 Lunae
1755 3466 2086 3547 debiliori
2148 3495 2271 3550 ac-

364 3607 550 3688 tioni
621 3632 772 3682 non
845 3606 1055 3706 cedet
1125 3622 1336 3702 terra,
1420 3626 1679 3687 contra
1750 3601 1931 3689 Solis
2004 3605 2271 3691 fortio-

367 3774 550 3832 rem.
668 3748 1044 3845 Praeterea,
1103 3750 1474 3855 punitum
1540 3748 1833 3862 aequalis
1894 3753 2271 3834 attrastio-

2159 3879 2276 3974 riis
