<?xml version="1.0" encoding="UTF-8"?>
<!DOCTYPE html PUBLIC "-//W3C//DTD XHTML 1.0 Transitional//EN"
    "http://www.w3.org/TR/xhtml1/DTD/xhtml1-transitional.dtd">
<html xmlns="http://www.w3.org/1999/xhtml" xml:lang="en" lang="en">
 <head>
  <title>
</title>
<meta http-equiv="Content-Type" content="text/html;charset=utf-8" />
  <meta name='ocr-system' content='tesseract 3.04.00' />
  <meta name='ocr-capabilities' content='ocr_page ocr_carea ocr_par ocr_line ocrx_word'/>
</head>
<body>
  <div class='ocr_page' id='page_1' title='image "./mathosivecosmot00baxtgoog/mathosivecosmot00baxtgoog_0017.png"; bbox 0 0 2816 4602; ppageno 0'>
   <div class='ocr_carea' id='block_1_1' title="bbox 406 292 2333 861">
    <p class='ocr_par' dir='ltr' id='par_1_1' title="bbox 406 292 2333 861">
     <span class='ocr_line' id='line_1_1' title="bbox 833 292 2333 439; baseline 0.015 -51"><span class='ocrx_word' id='word_1_1' title='bbox 833 292 1461 422; x_wconf 80' lang='lat' dir='ltr'>Cosmotbeoria</span> <span class='ocrx_word' id='word_1_2' title='bbox 1503 301 1590 397; x_wconf 92' lang='lat' dir='ltr'><em>P</em></span> <span class='ocrx_word' id='word_1_3' title='bbox 1593 309 1919 405; x_wconf 79' lang='lat' dir='ltr'>uerilis.</span> <span class='ocrx_word' id='word_1_4' title='bbox 2273 340 2333 439; x_wconf 91' lang='lat'>7</span> 
     </span>
     <span class='ocr_line' id='line_1_2' title="bbox 554 461 1516 554; baseline 0.02 -10"><span class='ocrx_word' id='word_1_5' title='bbox 554 461 648 548; x_wconf 87' lang='lat' dir='ltr'>P.</span> <span class='ocrx_word' id='word_1_6' title='bbox 706 467 932 554; x_wconf 82' lang='lat' dir='ltr'>Dico.</span> <span class='ocrx_word' id='word_1_7' title='bbox 1511 486 1516 491; x_wconf 80' lang='grc'><strong>’</strong></span> 
     </span>
     <span class='ocr_line' id='line_1_3' title="bbox 547 605 2321 735; baseline 0.015 -52"><span class='ocrx_word' id='word_1_8' title='bbox 547 605 663 683; x_wconf 90' lang='grc' dir='ltr'>Μ.</span> <span class='ocrx_word' id='word_1_9' title='bbox 723 606 972 705; x_wconf 86' lang='lat' dir='ltr'>Unde,</span> <span class='ocrx_word' id='word_1_10' title='bbox 1058 613 1333 719; x_wconf 87' lang='lat' dir='ltr'>quaeso,</span> <span class='ocrx_word' id='word_1_11' title='bbox 1422 615 1604 696; x_wconf 87' lang='lat' dir='ltr'>illud</span> <span class='ocrx_word' id='word_1_12' title='bbox 1694 621 2032 735; x_wconf 70' lang='lat' dir='ltr'>constat?</span> <span class='ocrx_word' id='word_1_13' title='bbox 2128 628 2321 713; x_wconf 88' lang='lat' dir='ltr'>Haec</span> 
     </span>
     <span class='ocr_line' id='line_1_4' title="bbox 406 742 2320 861; baseline 0.015 -41"><span class='ocrx_word' id='word_1_14' title='bbox 406 742 610 822; x_wconf 83' lang='lat' dir='ltr'>enim</span> <span class='ocrx_word' id='word_1_15' title='bbox 646 744 1004 853; x_wconf 85' lang='lat' dir='ltr'>·sphaerica</span> <span class='ocrx_word' id='word_1_16' title='bbox 1054 768 1259 833; x_wconf 84' lang='lat' dir='ltr'>terrae</span> <span class='ocrx_word' id='word_1_17' title='bbox 1307 752 1543 861; x_wconf 84' lang='lat' dir='ltr'>figura</span> <span class='ocrx_word' id='word_1_18' title='bbox 1606 783 1810 840; x_wconf 87' lang='lat' dir='ltr'>meas</span> <span class='ocrx_word' id='word_1_19' title='bbox 1877 765 1969 842; x_wconf 92' lang='lat' dir='ltr'>de</span> <span class='ocrx_word' id='word_1_20' title='bbox 2031 764 2320 849; x_wconf 83' lang='lat' dir='ltr'>infinita</span> 
     </span>
    </p>
   </div>
   <div class='ocr_carea' id='block_1_2' title="bbox 304 880 2317 1115">
    <p class='ocr_par' dir='ltr' id='par_1_2' title="bbox 304 880 2317 1115">
     <span class='ocr_line' id='line_1_5' title="bbox 304 880 2317 998; baseline 0.014 -39"><span class='ocrx_word' id='word_1_21' title='bbox 304 880 309 885; x_wconf 80' lang='grc'><strong><em>’</em></strong></span> <span class='ocrx_word' id='word_1_22' title='bbox 400 885 557 990; x_wconf 87' lang='lat' dir='ltr'>ejus</span> <span class='ocrx_word' id='word_1_23' title='bbox 600 885 988 968; x_wconf 84' lang='lat' dir='ltr'>latitudine</span> <span class='ocrx_word' id='word_1_24' title='bbox 1041 890 1510 976; x_wconf 84' lang='lat' dir='ltr'>difficultates</span> <span class='ocrx_word' id='word_1_25' title='bbox 1581 899 1911 998; x_wconf 55' lang='lat' dir='ltr'>tollerem</span> <span class='ocrx_word' id='word_1_26' title='bbox 1973 903 2092 984; x_wconf 87' lang='lat' dir='ltr'>sed</span> <span class='ocrx_word' id='word_1_27' title='bbox 2144 907 2317 989; x_wconf 78' lang='lat' dir='ltr'>alias</span> 
     </span>
     <span class='ocr_line' id='line_1_6' title="bbox 399 1025 1318 1115; baseline 0.014 -14"><span class='ocrx_word' id='word_1_28' title='bbox 399 1049 559 1102; x_wconf 85' lang='lat' dir='ltr'>non</span> <span class='ocrx_word' id='word_1_29' title='bbox 606 1025 910 1107; x_wconf 86' lang='lat' dir='ltr'>leviores</span> <span class='ocrx_word' id='word_1_30' title='bbox 941 1031 1318 1115; x_wconf 87' lang='lat' dir='ltr'>excitaret.</span> 
     </span>
    </p>
   </div>
   <div class='ocr_carea' id='block_1_3' title="bbox 536 1166 1155 1272">
    <p class='ocr_par' dir='ltr' id='par_1_3' title="bbox 536 1166 1155 1272">
     <span class='ocr_line' id='line_1_7' title="bbox 536 1166 1155 1272; baseline 0.015 -29"><span class='ocrx_word' id='word_1_31' title='bbox 536 1166 638 1245; x_wconf 90' lang='lat' dir='ltr'>P.</span> <span class='ocrx_word' id='word_1_32' title='bbox 711 1170 1093 1272; x_wconf 77' lang='lat' dir='ltr'><strong>Quasnam</strong></span> <span class='ocrx_word' id='word_1_33' title='bbox 1125 1176 1155 1252; x_wconf 72' lang='grc' dir='ltr'><strong>Ρ</strong></span> 
     </span>
    </p>
   </div>
   <div class='ocr_carea' id='block_1_4' title="bbox 318 1307 2424 3943">
    <p class='ocr_par' dir='ltr' id='par_1_4' title="bbox 387 1307 2323 1700">
     <span class='ocr_line' id='line_1_8' title="bbox 526 1307 2323 1421; baseline 0.013 -37"><span class='ocrx_word' id='word_1_34' title='bbox 526 1307 651 1385; x_wconf 87' lang='grc' dir='ltr'>Μ.</span> <span class='ocrx_word' id='word_1_35' title='bbox 703 1310 1122 1411; x_wconf 85' lang='lat' dir='ltr'>Quomodo</span> <span class='ocrx_word' id='word_1_36' title='bbox 1171 1312 1413 1421; x_wconf 83' lang='lat' dir='ltr'>potest</span> <span class='ocrx_word' id='word_1_37' title='bbox 1492 1315 1676 1396; x_wconf 88' lang='lat' dir='ltr'>stare</span> <span class='ocrx_word' id='word_1_38' title='bbox 1748 1318 1896 1399; x_wconf 88' lang='lat' dir='ltr'>fine</span> <span class='ocrx_word' id='word_1_39' title='bbox 1962 1322 2112 1404; x_wconf 85' lang='lat' dir='ltr'>bafi</span> <span class='ocrx_word' id='word_1_40' title='bbox 2179 1345 2323 1407; x_wconf 73' lang='lat' dir='ltr'>aur</span> 
     </span>
     <span class='ocr_line' id='line_1_9' title="bbox 395 1442 2313 1559; baseline 0.014 -37"><span class='ocrx_word' id='word_1_41' title='bbox 395 1442 963 1536; x_wconf 76' lang='lat' dir='ltr'>sustentaculo?</span> <span class='ocrx_word' id='word_1_42' title='bbox 1035 1479 1375 1559; x_wconf 9' lang='lat' dir='ltr'>currnon</span> <span class='ocrx_word' id='word_1_43' title='bbox 1438 1455 1782 1536; x_wconf 90' lang='lat' dir='ltr'>deorsum</span> <span class='ocrx_word' id='word_1_44' title='bbox 1856 1464 2117 1544; x_wconf 82' lang='lat' dir='ltr'>cadit?</span> <span class='ocrx_word' id='word_1_45' title='bbox 2198 1467 2313 1549; x_wconf 81' lang='lat' dir='ltr'>vel</span> 
     </span>
     <span class='ocr_line' id='line_1_10' title="bbox 387 1585 1611 1700; baseline 0.006 -35"><span class='ocrx_word' id='word_1_46' title='bbox 387 1585 546 1694; x_wconf 60' lang='lat' dir='ltr'>qua</span> <span class='ocrx_word' id='word_1_47' title='bbox 591 1588 665 1667; x_wconf 87' lang='lat' dir='ltr'>vi</span> <span class='ocrx_word' id='word_1_48' title='bbox 709 1587 1084 1670; x_wconf 85' lang='lat' dir='ltr'>cohaerent</span> <span class='ocrx_word' id='word_1_49' title='bbox 1127 1592 1282 1696; x_wconf 85' lang='lat' dir='ltr'>ejus</span> <span class='ocrx_word' id='word_1_50' title='bbox 1325 1598 1611 1700; x_wconf 81' lang='lat' dir='ltr'>partes?</span> 
     </span>
    </p>

    <p class='ocr_par' dir='ltr' id='par_1_5' title="bbox 389 1728 2307 2124">
     <span class='ocr_line' id='line_1_11' title="bbox 500 1728 2307 1842; baseline 0.011 -37"><span class='ocrx_word' id='word_1_51' title='bbox 500 1728 604 1813; x_wconf 87' lang='lat' dir='ltr'>P.</span> <span class='ocrx_word' id='word_1_52' title='bbox 666 1728 952 1808; x_wconf 86' lang='lat' dir='ltr'>Rerum</span> <span class='ocrx_word' id='word_1_53' title='bbox 991 1730 1311 1811; x_wconf 84' lang='lat' dir='ltr'>rationes</span> <span class='ocrx_word' id='word_1_54' title='bbox 1343 1758 1742 1842; x_wconf 83' lang='lat' dir='ltr'>parumper</span> <span class='ocrx_word' id='word_1_55' title='bbox 1779 1739 2048 1821; x_wconf 86' lang='lat' dir='ltr'>omitte</span> <span class='ocrx_word' id='word_1_56' title='bbox 2081 1771 2103 1823; x_wconf 77' lang='grc' dir='ltr'><strong><em>ε</em></strong></span> <span class='ocrx_word' id='word_1_57' title='bbox 2156 1768 2307 1825; x_wconf 85' lang='lat' dir='ltr'>un-</span> 
     </span>
     <span class='ocr_line' id='line_1_12' title="bbox 389 1863 2306 1976; baseline 0.011 -33"><span class='ocrx_word' id='word_1_58' title='bbox 389 1863 488 1944; x_wconf 89' lang='lat' dir='ltr'>de</span> <span class='ocrx_word' id='word_1_59' title='bbox 542 1893 652 1946; x_wconf 82' lang='lat' dir='ltr'>res</span> <span class='ocrx_word' id='word_1_60' title='bbox 722 1868 870 1976; x_wconf 84' lang='lat' dir='ltr'>ipsa</span> <span class='ocrx_word' id='word_1_61' title='bbox 942 1869 1230 1951; x_wconf 88' lang='lat' dir='ltr'>constet</span> <span class='ocrx_word' id='word_1_62' title='bbox 1280 1873 1678 1957; x_wconf 77' lang='lat' dir='ltr'>videamus,</span> <span class='ocrx_word' id='word_1_63' title='bbox 1792 1880 2112 1960; x_wconf 87' lang='lat' dir='ltr'>Proinde</span> <span class='ocrx_word' id='word_1_64' title='bbox 2181 1885 2306 1964; x_wconf 89' lang='lat' dir='ltr'>die</span> 
     </span>
     <span class='ocr_line' id='line_1_13' title="bbox 393 1995 2301 2124; baseline 0.013 -42"><span class='ocrx_word' id='word_1_65' title='bbox 393 2001 616 2102; x_wconf 89' lang='lat' dir='ltr'>mihi,</span> <span class='ocrx_word' id='word_1_66' title='bbox 692 1995 993 2107; x_wconf 80' lang='lat' dir='ltr'>Matho,</span> <span class='ocrx_word' id='word_1_67' title='bbox 1066 2039 1459 2124; x_wconf 86' lang='lat' dir='ltr'>nunquam</span> <span class='ocrx_word' id='word_1_68' title='bbox 1531 2015 1875 2097; x_wconf 86' lang='lat' dir='ltr'>audivisti</span> <span class='ocrx_word' id='word_1_69' title='bbox 1948 2040 2301 2106; x_wconf 86' lang='lat' dir='ltr'>terrarum</span> 
     </span>
    </p>

    <p class='ocr_par' dir='ltr' id='par_1_6' title="bbox 318 2122 1721 2260">
     <span class='ocr_line' id='line_1_14' title="bbox 318 2122 1721 2260; baseline 0.01 -38"><span class='ocrx_word' id='word_1_70' title='bbox 318 2122 323 2127; x_wconf 80' lang='lat'><strong>.</strong></span> <span class='ocrx_word' id='word_1_71' title='bbox 392 2145 652 2226; x_wconf 89' lang='lat' dir='ltr'>orbem</span> <span class='ocrx_word' id='word_1_72' title='bbox 699 2148 1414 2260; x_wconf 82' lang='lat' dir='ltr'>circumnavigatum</span> <span class='ocrx_word' id='word_1_73' title='bbox 1464 2153 1721 2236; x_wconf 82' lang='lat' dir='ltr'>fuiffe?</span> 
     </span>
    </p>

    <p class='ocr_par' dir='ltr' id='par_1_7' title="bbox 392 2288 2302 2543">
     <span class='ocr_line' id='line_1_15' title="bbox 463 2288 2302 2402; baseline 0.008 -34"><span class='ocrx_word' id='word_1_74' title='bbox 463 2288 623 2369; x_wconf 38' lang='lat' dir='ltr'>1M.</span> <span class='ocrx_word' id='word_1_75' title='bbox 694 2291 968 2370; x_wconf 90' lang='lat' dir='ltr'>Audivi</span> <span class='ocrx_word' id='word_1_76' title='bbox 1009 2293 1339 2401; x_wconf 89' lang='lat' dir='ltr'>quidem,</span> <span class='ocrx_word' id='word_1_77' title='bbox 1401 2294 1521 2372; x_wconf 89' lang='lat' dir='ltr'>sed</span> <span class='ocrx_word' id='word_1_78' title='bbox 1585 2296 2302 2402; x_wconf 77' lang='lat' dir='ltr'>ejus‚circumnavi-</span> 
     </span>
     <span class='ocr_line' id='line_1_16' title="bbox 392 2413 2021 2543; baseline 0.009 -39"><span class='ocrx_word' id='word_1_79' title='bbox 392 2428 714 2535; x_wconf 84' lang='lat' dir='ltr'>gationis</span> <span class='ocrx_word' id='word_1_80' title='bbox 760 2413 1127 2512; x_wconf 85' lang='lat' dir='ltr'>rationem</span> <span class='ocrx_word' id='word_1_81' title='bbox 1169 2462 1317 2513; x_wconf 89' lang='lat' dir='ltr'>non</span> <span class='ocrx_word' id='word_1_82' title='bbox 1352 2431 1574 2541; x_wconf 71' lang='lat' dir='ltr'>plane</span> <span class='ocrx_word' id='word_1_83' title='bbox 1609 2436 2021 2543; x_wconf 87' lang='lat' dir='ltr'>capiebam.</span> 
     </span>
    </p>

    <p class='ocr_par' dir='ltr' id='par_1_8' title="bbox 389 2570 2301 3103">
     <span class='ocr_line' id='line_1_17' title="bbox 501 2570 2301 2683; baseline 0.009 -36"><span class='ocrx_word' id='word_1_84' title='bbox 501 2570 599 2650; x_wconf 88' lang='lat' dir='ltr'>P.</span> <span class='ocrx_word' id='word_1_85' title='bbox 656 2571 732 2649; x_wconf 89' lang='lat' dir='ltr'>Si</span> <span class='ocrx_word' id='word_1_86' title='bbox 801 2597 974 2676; x_wconf 89' lang='lat' dir='ltr'>ergo</span> <span class='ocrx_word' id='word_1_87' title='bbox 1047 2576 1252 2652; x_wconf 86' lang='lat' dir='ltr'>navis</span> <span class='ocrx_word' id='word_1_88' title='bbox 1327 2571 1370 2652; x_wconf 77' lang='grc' dir='ltr'>ὲ</span> <span class='ocrx_word' id='word_1_89' title='bbox 1423 2596 1638 2683; x_wconf 89' lang='lat' dir='ltr'>portu</span> <span class='ocrx_word' id='word_1_90' title='bbox 1707 2577 2006 2659; x_wconf 81' lang='lat' dir='ltr'>solveret</span> <span class='ocrx_word' id='word_1_91' title='bbox 2062 2582 2301 2664; x_wconf 83' lang='lat' dir='ltr'>versus</span> 
     </span>
     <span class='ocr_line' id='line_1_18' title="bbox 389 2709 2296 2810; baseline 0.008 -24"><span class='ocrx_word' id='word_1_92' title='bbox 389 2709 877 2810; x_wconf 87' lang='lat' dir='ltr'>occidentem,</span> <span class='ocrx_word' id='word_1_93' title='bbox 938 2714 1016 2791; x_wconf 72' lang='grc' dir='ltr'>δι’,</span> <span class='ocrx_word' id='word_1_94' title='bbox 1060 2717 1381 2794; x_wconf 88' lang='lat' dir='ltr'>eundem</span> <span class='ocrx_word' id='word_1_95' title='bbox 1431 2716 1929 2801; x_wconf 84' lang='lat' dir='ltr'>immutatum</span> <span class='ocrx_word' id='word_1_96' title='bbox 1992 2723 2296 2810; x_wconf 88' lang='lat' dir='ltr'>cursum</span> 
     </span>
     <span class='ocr_line' id='line_1_19' title="bbox 389 2850 2297 2964; baseline 0.009 -40"><span class='ocrx_word' id='word_1_97' title='bbox 389 2850 676 2956; x_wconf 86' lang='lat' dir='ltr'>semper</span> <span class='ocrx_word' id='word_1_98' title='bbox 713 2853 1032 2931; x_wconf 86' lang='lat' dir='ltr'>tenendo</span> <span class='ocrx_word' id='word_1_99' title='bbox 1067 2856 1324 2934; x_wconf 86' lang='lat' dir='ltr'>rediret</span> <span class='ocrx_word' id='word_1_100' title='bbox 1361 2858 1607 2935; x_wconf 87' lang='lat' dir='ltr'>rursus</span> <span class='ocrx_word' id='word_1_101' title='bbox 1640 2857 1714 2935; x_wconf 89' lang='lat' dir='ltr'>in</span> <span class='ocrx_word' id='word_1_102' title='bbox 1753 2878 2057 2964; x_wconf 88' lang='lat' dir='ltr'>portum</span> <span class='ocrx_word' id='word_1_103' title='bbox 2096 2864 2297 2941; x_wconf 89' lang='lat' dir='ltr'>unde</span> 
     </span>
     <span class='ocr_line' id='line_1_20' title="bbox 390 2989 2287 3103; baseline 0.008 -37"><span class='ocrx_word' id='word_1_104' title='bbox 390 2989 708 3085; x_wconf 88' lang='lat' dir='ltr'>solverat,</span> <span class='ocrx_word' id='word_1_105' title='bbox 784 2993 877 3069; x_wconf 87' lang='lat' dir='ltr'>ab</span> <span class='ocrx_word' id='word_1_106' title='bbox 957 2992 1231 3078; x_wconf 82' lang='lat' dir='ltr'>oriente</span> <span class='ocrx_word' id='word_1_107' title='bbox 1257 3032 1281 3089; x_wconf 82' lang='lat'>3</span> <span class='ocrx_word' id='word_1_108' title='bbox 1387 2997 1568 3103; x_wconf 89' lang='lat' dir='ltr'>quid</span> <span class='ocrx_word' id='word_1_109' title='bbox 1646 2998 1781 3102; x_wconf 71' lang='lat' dir='ltr'>tibi</span> <span class='ocrx_word' id='word_1_110' title='bbox 1862 2998 2287 3082; x_wconf 82' lang='lat' dir='ltr'>videretur?</span> 
     </span>
    </p>

    <p class='ocr_par' dir='ltr' id='par_1_9' title="bbox 388 3127 2424 3670">
     <span class='ocr_line' id='line_1_21' title="bbox 495 3127 2292 3247; baseline 0.007 -38"><span class='ocrx_word' id='word_1_111' title='bbox 495 3127 613 3209; x_wconf 86' lang='lat' dir='ltr'><em>M</em></span> <span class='ocrx_word' id='word_1_112' title='bbox 686 3130 757 3207; x_wconf 85' lang='lat' dir='ltr'>Si</span> <span class='ocrx_word' id='word_1_113' title='bbox 800 3132 1100 3238; x_wconf 88' lang='lat' dir='ltr'>quidem</span> <span class='ocrx_word' id='word_1_114' title='bbox 1149 3134 1464 3222; x_wconf 86' lang='lat' dir='ltr'>eundem</span> <span class='ocrx_word' id='word_1_115' title='bbox 1509 3137 1801 3215; x_wconf 88' lang='lat' dir='ltr'>cursum</span> <span class='ocrx_word' id='word_1_116' title='bbox 1852 3140 2129 3247; x_wconf 89' lang='lat' dir='ltr'>semper</span> <span class='ocrx_word' id='word_1_117' title='bbox 2184 3162 2292 3221; x_wconf 90' lang='lat' dir='ltr'>te-</span> 
     </span>
     <span class='ocr_line' id='line_1_22' title="bbox 391 3271 2400 3380; baseline 0.007 -32"><span class='ocrx_word' id='word_1_118' title='bbox 391 3290 616 3367; x_wconf 88' lang='lat' dir='ltr'>neret,</span> <span class='ocrx_word' id='word_1_119' title='bbox 671 3271 748 3347; x_wconf 76' lang='lat'>&amp;2</span> <span class='ocrx_word' id='word_1_120' title='bbox 789 3271 1034 3350; x_wconf 71' lang='lat' dir='ltr'>&#39;tamen</span> <span class='ocrx_word' id='word_1_121' title='bbox 1073 3273 1144 3351; x_wconf 90' lang='lat' dir='ltr'>in</span> <span class='ocrx_word' id='word_1_122' title='bbox 1188 3295 1496 3380; x_wconf 81' lang='lat' dir='ltr'>portum</span> <span class='ocrx_word' id='word_1_123' title='bbox 1546 3278 1744 3355; x_wconf 87' lang='lat' dir='ltr'>unde</span> <span class='ocrx_word' id='word_1_124' title='bbox 1779 3281 1933 3359; x_wconf 86' lang='lat' dir='ltr'>vela</span> <span class='ocrx_word' id='word_1_125' title='bbox 1965 3280 2289 3380; x_wconf 70' lang='lat' dir='ltr'>dediffiet,</span> <span class='ocrx_word' id='word_1_126' title='bbox 2393 3329 2400 3334; x_wconf 93' lang='lat'><strong>·</strong></span> 
     </span>
     <span class='ocr_line' id='line_1_23' title="bbox 388 3407 2290 3525; baseline 0.008 -38"><span class='ocrx_word' id='word_1_127' title='bbox 388 3407 432 3487; x_wconf 74' lang='grc' dir='ltr'>ὲ</span> <span class='ocrx_word' id='word_1_128' title='bbox 467 3413 828 3489; x_wconf 85' lang='lat' dir='ltr'>contraria</span> <span class='ocrx_word' id='word_1_129' title='bbox 884 3432 1082 3519; x_wconf 81' lang='lat' dir='ltr'>parte</span> <span class='ocrx_word' id='word_1_130' title='bbox 1136 3417 1421 3516; x_wconf 76' lang='lat' dir='ltr'>rediret,</span> <span class='ocrx_word' id='word_1_131' title='bbox 1480 3421 1845 3525; x_wconf 81' lang='lat' dir='ltr'>oporteret</span> <span class='ocrx_word' id='word_1_132' title='bbox 1891 3437 1980 3495; x_wconf 92' lang='lat' dir='ltr'>ut</span> <span class='ocrx_word' id='word_1_133' title='bbox 2041 3437 2290 3503; x_wconf 85' lang='lat' dir='ltr'>totum</span> 
     </span>
     <span class='ocr_line' id='line_1_24' title="bbox 389 3550 2424 3670; baseline 0.007 -42"><span class='ocrx_word' id='word_1_134' title='bbox 389 3550 664 3629; x_wconf 84' lang='lat' dir='ltr'>telluris</span> <span class='ocrx_word' id='word_1_135' title='bbox 723 3552 1097 3632; x_wconf 85' lang='lat' dir='ltr'>ambitum</span> <span class='ocrx_word' id='word_1_136' title='bbox 1149 3551 1476 3635; x_wconf 83' lang='lat' dir='ltr'>obiiffet:</span> <span class='ocrx_word' id='word_1_137' title='bbox 1551 3559 1850 3664; x_wconf 87' lang='lat' dir='ltr'>perinde</span> <span class='ocrx_word' id='word_1_138' title='bbox 1914 3557 2020 3636; x_wconf 92' lang='lat' dir='ltr'>est</span> <span class='ocrx_word' id='word_1_139' title='bbox 2081 3561 2287 3642; x_wconf 89' lang='lat' dir='ltr'>enim</span> <span class='ocrx_word' id='word_1_140' title='bbox 2417 3659 2424 3670; x_wconf 16' lang='grc' dir='ltr'>ἡ</span> 
     </span>
    </p>

    <p class='ocr_par' dir='ltr' id='par_1_10' title="bbox 336 3673 2290 3943">
     <span class='ocr_line' id='line_1_25' title="bbox 336 3673 2290 3805; baseline 0.008 -39"><span class='ocrx_word' id='word_1_141' title='bbox 336 3694 340 3697; x_wconf 62' lang='grc'><em>”</em></span> <span class='ocrx_word' id='word_1_142' title='bbox 392 3690 527 3800; x_wconf 26' lang='grc' dir='ltr'>(ιη,</span> <span class='ocrx_word' id='word_1_143' title='bbox 560 3716 833 3797; x_wconf 86' lang='lat' dir='ltr'>magna</span> <span class='ocrx_word' id='word_1_144' title='bbox 877 3694 1117 3799; x_wconf 74' lang='lat' dir='ltr'>parvis</span> <span class='ocrx_word' id='word_1_145' title='bbox 1176 3673 1724 3805; x_wconf 69' lang='lat' dir='ltr'>comparemos)</span> <span class='ocrx_word' id='word_1_146' title='bbox 1771 3727 1856 3776; x_wconf 82' lang='lat' dir='ltr'>ac</span> <span class='ocrx_word' id='word_1_147' title='bbox 1894 3698 1945 3777; x_wconf 82' lang='lat' dir='ltr'>fi</span> <span class='ocrx_word' id='word_1_148' title='bbox 1979 3698 2290 3794; x_wconf 78' lang='lat' dir='ltr'>formica</span> 
     </span>
     <span class='ocr_line' id='line_1_26' title="bbox 393 3833 2283 3943; baseline 0.003 -29"><span class='ocrx_word' id='word_1_149' title='bbox 393 3849 667 3914; x_wconf 61' lang='lat' dir='ltr'>totum.</span> <span class='ocrx_word' id='word_1_150' title='bbox 685 3833 993 3941; x_wconf 81' lang='lat' dir='ltr'>globum</span> <span class='ocrx_word' id='word_1_151' title='bbox 1065 3835 1392 3943; x_wconf 84' lang='lat' dir='ltr'>ligneum</span> <span class='ocrx_word' id='word_1_152' title='bbox 1458 3838 1775 3941; x_wconf 82' lang='lat' dir='ltr'>rependo</span> <span class='ocrx_word' id='word_1_153' title='bbox 1813 3840 2283 3938; x_wconf 28' lang='lat' dir='ltr'>‘cil-cumiret,</span> 
     </span>
    </p>
   </div>
   <div class='ocr_carea' id='block_1_5' title="bbox 1495 3976 2291 4080">
    <p class='ocr_par' dir='ltr' id='par_1_11' title="bbox 1495 3976 2291 4080">
     <span class='ocr_line' id='line_1_27' title="bbox 1495 3976 2291 4080; baseline 0.005 -23"><span class='ocrx_word' id='word_1_154' title='bbox 1495 3976 1746 4080; x_wconf 76' lang='lat'>34·</span> <span class='ocrx_word' id='word_1_155' title='bbox 2156 3981 2291 4062; x_wconf 78' lang='lat' dir='ltr'>ab·</span> 
     </span>
    </p>
   </div>
  </div>
 </body>
</html>
