2816 4602
770 243 1400 383 Cqsmotbeoria
1446 248 1726 347 Pueri
1728 251 1858 352 Iis.
2146 261 2200 354 8
2213 276 2270 387 ’5

411 424 552 509 .P.
618 423 901 510 Facilis
946 424 1112 507 eflet
1148 424 1365 535 hujus
1410 426 1511 505 rei
1546 427 1963 534 explicatio,
2036 437 2091 518 fi
2130 439 2270 518 tel..

300 563 511 646 luris
562 562 614 646 ὲ
682 567 841 649 Sole
902 566 1258 649 distantia
1319 567 1688 649 constaret
1709 606 1734 663 3
1792 569 2048 673 verum
2104 575 2266 661 haec

280 703 715 790 hactenus
750 706 1200 795 defideratur
1213 745 1240 804 ;
1293 735 1543 819 quate,
1592 709 1810 792 missa
1854 712 2258 816 velocitate,

314 1030 329 1039 -
415 982 824 1070 XXXV.
912 986 1310 1071 Sciendum
1368 987 1577 1102 qubd
1644 989 1914 1074 harum
1990 936 2267 1080 viriani

301 1125 557 1208 altera
661 1128 1054 1237 centripeta
1124 1130 1168 1212 a
1236 1129 1693 1242 philosophis
1764 1159 2264 1248 nuncupetur,

163 1364 169 1377 ἢ
298 1266 557 1349 altera
593 1269 994 1380 prqjeHilis
1041 1272 1178 1353 five
1209 1275 1630 1384 excursor-ia.
1721 1319 1725 1327 v

431 1410 575 1497 M.
650 1411 999 1492 Nomina
1046 1415 1258 1495 rebus
1302 1414 1473 1521 ipfis
1505 1413 2035 1496 convenientia.

431 1552 556 1633 P.
627 1551 839 1661 Qia
873 1569 1131 1633 autem
1169 1554 1435 1657 magni
1467 1556 1683 1632 refert
1716 1551 1913 1631 hanc
1949 1579 2106 1633 tem
2142 1581 2272 1663 pe-

310 1691 552 1770 nitus
595 1688 1042 1787 intellexifl‘e,
1114 1690 1585 1799 paucismihi
1628 1689 2003 1801 responde.

446 1832 593 1913 M.
642 1832 1037 1939 Interroga.

467 1973 579 2054 P.
635 1973 709 2051 Si
738 1993 995 2052 neutra
1034 1968 1305 2052 harum
1341 1972 1609 2056 virium
1648 1973 2022 2085 planetam
2058 2000 2274 2082 urge-

326 2130 492 2208 ret,
577 2112 759 2220 quid
814 2111 986 2194 inde
1023 2115 1479 2222 sequeretur?

462 2255 590 2334 M.
652 2236 914 2348 Nihil;
987 2254 1358 2334 immotus
1418 2254 1623 2335 enim
1670 2252 1908 2351 staret,
1965 2278 2118 2333 non
2167 2252 2272 2330 se-

318 2392 765 2504 ‘cus'quam
805 2393 883 2470 in
926 2390 1160 2473 funda
1193 2394 1398 2500 lapis,

332 2583 339 2588 ,
467 2537 575 2618 P.
634 2533 715 2612 *Si
758 2532 1143 2640 centrtpeta
1176 2530 1473 2617 tantum
1529 2556 1799 2643 ageret,
1871 2531 2114 2641 quid?

465 2675 593 2759 Μ
655 2673 919 2755 Statim
955 2674 1244 2780 planeta
1274 2674 1366 2758 ad
1401 2674 1644 2756 Solem
1679 2677 2162 2760 descenderet.

469 2817 572 2907 P.
627 2814 702 2895 Si
741 2809 1040 2895 tantum
1080 2813 1517 2924 prqseHilis?

471 2957 591 3037 Μ.
648 2953 1038 3037 Continui)
1087 2983 1211 3065 per
1247 2956 1538 3040 coeleste
1576 2956 1893 3064 spatium
1939 2976 2281 3030 excurre-

352 3115 492 3180 ret.
1771 3121 1774 3126 '

477 3240 575 3319 P.
633 3235 705 3316 Si
742 3183 1054 3344 utraque
1090 3223 1305 3316 fimul
1348 3247 1613 3337 ageret,
1681 3230 1935 3314 neutra
1974 3231 2280 3314 alteram

336 3382 768 3487 superante,
842 3377 1098 3484 quid?
2229 3457 2234 3462 ,

489 3519 608 3604 Μ.
666 3519 833 3598 Nee
889 3519 983 3599 ad
1012 3575 1017 3578 ψ
1051 3515 1298 3598 Solem
1340 3510 1711 3595 accederet
1759 3512 2077 3618 planeta,
2148 3538 2284 3596 ex-

348 3657 692 3744 ,cursoria
754 3659 824 3739 vi
884 3655 1323 3768 prohibente
1337 3693 1362 3751 3
1434 3680 1572 3734 nec
1620 3654 1716 3732 ab
1760 3676 1851 3730 eo
1896 3655 2281 3753 recederet,

1308 3888 1319 3893 ,
1399 3791 1494 3879 G'
1557 3815 1602 3897 3
1785 3824 1796 3834 ²
2207 3793 2289 3875 vi
