2816 4602
539 367 584 428 1
602 332 735 453 64
939 319 1567 460 Cosmotbeoria
1599 292 2017 418 Ρὶιενῗίἷέὲ

532 480 539 485 ’
640 502 764 583 M.
820 500 931 582 Et
971 500 1119 582 hoc
1149 494 1320 578 satis
1358 492 1596 576 video.

648 645 750 727 P.
806 644 1016 725 Pone
1062 638 1225 751 jam‘
1269 634 1496 746 igitur
1549 622 1845 717 Lunam
1885 630 2139 727 aliam,
2195 642 2448 735 quater

540 785 1013 868 remotiorem
1046 775 1282 890 quam
1317 774 1426 856 est
1467 775 1723 887 'nostr-a,
1779 774 1972 856 circa
2004 791 2275 856 terram
2313 791 2453 847 eo-

542 928 723 1008 dem
771 945 919 1006 tem
927 947 1099 1032 pore
1141 915 1428 1000 deferri.

652 1069 772 1149 M.
827 1064 1067 1147 Posui.
1667 1144 1670 1155 ἱ

542 1224 547 1235 ’
632 1208 754 1303 “R.
812 1205 916 1285 Et
941 1218 1305 1312 quautam
1342 1193 1792 1279 celeritatem
1811 1212 1812 1217 ‘
1829 1187 2184 1273 habebit?
2345 1196 2348 1203 ’

656 1350 778 1431 Μ.
832 1344 1092 1427 Etiam
1168 1357 1426 1451 quater
1494 1330 1868 1446 majorem
1919 1312 2167 1442 quam
2226 1322 2467 1436 n'ostra

551 1489 884 1584 interior,
936 1485 1115 1595 quia
1173 1479 1491 1564 circulus
1541 1475 1623 1559 in
1655 1503 1815 1587 quo
1873 1471 2149 1555 incedit
2213 1485 2471 1578 quater

555 1630 668 1714 est
707 1629 970 1736 major.

554 1794 563 1801 ’
668 1772 770 1856 Ρ.
827 1763 1243 1875 Peripheria
1292 1761 1447 1869 ejus
1476 1758 1586 1842 est
1628 1755 1824 1842 certe
1858 1771 2116 1867 quater
2150 1747 2479 1858 longior}

560 1915 642 1993 ὅτ.
679 1908 861 1989 hinc
894 1924 1154 2017 quater
1191 1903 1555 2010 majorem
1594 1901 1753 1982 vim
1788 1895 2282 2005 centrifugam
2339 1886 2479 1969 ha·
2547 1962 2550 1967 ,

561 2053 815 2142 bere‘t3
883 2071 1067 2127 nam
1124 2060 1383 2151 quater
1444 2041 1710 2122 fortius
1776 2058 2095 2120 conatur
2136 2027 2484 2146 progredi

568 2197 650 2277 in
680 2191 877 2291 resto
914 2184 1235 2281 tramite,
1274 2207 1412 2292 pro
1448 2181 1727 2263 ratione
1762 2203 2039 2289 nempe
2067 2154 2484 2258 celeritati&

684 2335 809 2418 M.
871 2325 1257 2437 Intelligo;
1296 2321 1410 2405 ‘ac
1456 2322 1512 2403 fi
1551 2322 1665 2404 bis
1716 2338 1921 2402 tanta
1987 2317 2157 2406 esset
2219 2311 2528 2409 orbita,'

514 2572 532 2598 l
574 2476 887 2585 duplam
948 2470 1107 2552 vim
1173 2450 1676 2576 centrifugam
1736 2459 2064 2561 haberet,
2114 2457 2291 2568 quia
2345 2454 2490 2536 du-

572 2617 780 2729 plam
818 2609 1290 2691 celeritatem.

690 2756 797 2835 P.
846 2750 961 2831 Ita
993 2747 1066 2829 se
1112 2772 1222 2828 res
1273 2744 1523 2839 habet,
1575 2743 1705 2823 ubi
1747 2726 2041 2825 nullum
2080 2740 2190 2820 est
2244 2735 2495 2819 discri-

585 2899 765 2980 men
799 2890 938 3006 nifi
985 2889 1064 2970 in
1114 2884 1635 2994 magnitudine
1688 2880 1968 2980 orbitae.
2106 2880 2243 2962 Sed
2307 2902 2496 2990 pone

482 3081 489 3092 =
576 3044 737 3149 jam
774 3030 1261 3116 revolutiones
1294 3027 1372 3107 in
1408 3025 1628 3108 eodem
1672 3037 1969 3133 tempore
2010 3022 2251 3134 plures
2299 3018 2459 3103 fieri
2474 3055 2498 3111 3

592 3181 735 3261 five
804 3173 1043 3284 (quod
1077 3170 1347 3252 eodem
1398 3166 1615 3270 redit)
1685 3184 1983 3278 tempus
2042 3159 2505 3246 revolutionis

591 3317 884 3410 minui3
954 3316 1035 3393 ec
1068 3311 1340 3392 diversa
1377 3309 1513 3389 erit
1548 3307 1736 3388 ratio
1770 3301 2132 3391 habenda.

701 3459 821 3544 M.
878 3450 1744 3562 Exspefio'exemplum.
1883 3467 1898 3478 “
2039 3489 2052 3504 ·

703 3605 803 3690 Ρ.
860 3598 960 3697 Si,
1016 3623 1080 3677 e.
1115 3620 1188 3702 g.
1256 3592 1477 3671 Luna
1521 3586 1820 3671 interior
1864 3591 2001 3697 pro
2036 3612 2190 3666 una
2226 3583 2508 3667 revolu-

596 3742 800 3823 tione
834 3741 1020 3817 duas
1066 3733 1716 3840 eodemssempore
1771 3717 2214 3829 confecerit}
2268 3729 2510 3835 quan-

599 3906 758 3967 tam
796 3876 1132 3958 habitura
1178 3874 1353 3956 effet
1378 3872 1823 3954 celeritatem
1854 3862 1902 3958 ἓ·
2442 3919 2446 3924 ·

2162 4008 2279 4088 M.
2339 4006 2519 4087 Du-
